{"date": "2025-06-21", "channel": "0.0", "views": 0.0, "revenue": 0.0, "ad_spend": 0.0, "orders": 1.5, "clicks": 0.0, "mer": null, "roas": null, "cac": 0.0, "aov": 0.0, "rpm": null, "ctr": null, "share": null}
{"date": "2025-06-21", "channel": "Other", "views": 0.0, "revenue": 0.0, "ad_spend": 0.0, "orders": 0.0, "clicks": 0.0, "mer": null, "roas": null, "cac": null, "aov": null, "rpm": null, "ctr": null, "share": null}
{"date": "2025-06-23", "channel": "0.0", "views": 0.0, "revenue": 0.0, "ad_spend": 0.0, "orders": 1857.6000000000001, "clicks": 0.0, "mer": null, "roas": null, "cac": 0.0, "aov": 0.0, "rpm": null, "ctr": null, "share": null}
{"date": "2025-06-23", "channel": "Other", "views": 0.0, "revenue": 0.0, "ad_spend": 2.87, "orders": 0.0, "clicks": 0.0, "mer": 0.0, "roas": 0.0, "cac": null, "aov": null, "rpm": null, "ctr": null, "share": null}
{"date": "2025-06-24", "channel": "0.0", "views": 0.0, "revenue": 0.0, "ad_spend": 0.0, "orders": 722.4000000000001, "clicks": 0.0, "mer": null, "roas": null, "cac": 0.0, "aov": 0.0, "rpm": null, "ctr": null, "share": null}
{"date": "2025-06-24", "channel": "Other", "views": 0.0, "revenue": 0.0, "ad_spend": 0.0, "orders": 0.0, "clicks": 0.0, "mer": null, "roas": null, "cac": null, "aov": null, "rpm": null, "ctr": null, "share": null}
{"date": "2025-06-25", "channel": "0.0", "views": 0.0, "revenue": 0.0, "ad_spend": 0.0, "orders": 591.5999999999999, "clicks": 0.0, "mer": null, "roas": null, "cac": 0.0, "aov": 0.0, "rpm": null, "ctr": null, "share": null}
{"date": "2025-06-25", "channel": "Other", "views": 0.0, "revenue": 0.0, "ad_spend": 0.0, "orders": 0.0, "clicks": 0.0, "mer": null, "roas": null, "cac": null, "aov": null, "rpm": null, "ctr": null, "share": null}
{"date": "2025-06-26", "channel": "0.0", "views": 0.0, "revenue": 384.0, "ad_spend": 0.0, "orders": 576.0, "clicks": 0.0, "mer": Infinity, "roas": Infinity, "cac": 0.0, "aov": 0.6666666666666666, "rpm": null, "ctr": null, "share": 0.4}
{"date": "2025-06-26", "channel": "Other", "views": 2894.0, "revenue": 576.0, "ad_spend": 20.6, "orders": 6.0, "clicks": 0.0, "mer": 27.961165048543688, "roas": 27.961165048543688, "cac": 3.4333333333333336, "aov": 96.0, "rpm": 199.03248099516242, "ctr": 0.0, "share": 0.6}
{"date": "2025-06-27", "channel": "Other", "views": 6407.0, "revenue": 0.0, "ad_spend": 84.19, "orders": 0.0, "clicks": 0.0, "mer": 0.0, "roas": 0.0, "cac": null, "aov": null, "rpm": 0.0, "ctr": 0.0, "share": null}
{"date": "2025-06-27", "channel": "Nan", "views": 0.0, "revenue": 0.0, "ad_spend": 0.0, "orders": 0.0, "clicks": 0.0, "mer": null, "roas": null, "cac": null, "aov": null, "rpm": null, "ctr": null, "share": null}
{"date": "2025-06-28", "channel": "Nan", "views": 0.0, "revenue": 0.0, "ad_spend": 0.0, "orders": 0.0, "clicks": 0.0, "mer": null, "roas": null, "cac": null, "aov": null, "rpm": null, "ctr": null, "share": null}
{"date": "2025-06-28", "channel": "Other", "views": 2206.0, "revenue": 0.0, "ad_spend": 19.79, "orders": 0.0, "clicks": 0.0, "mer": 0.0, "roas": 0.0, "cac": null, "aov": null, "rpm": 0.0, "ctr": 0.0, "share": null}
{"date": "2025-06-29", "channel": "0.0", "views": 38104.0, "revenue": 272.0, "ad_spend": 0.0, "orders": 377.4, "clicks": 0.0, "mer": Infinity, "roas": Infinity, "cac": 0.0, "aov": 0.7207207207207208, "rpm": 7.138358177619148, "ctr": 0.0, "share": 0.4060913705583757}
{"date": "2025-06-29", "channel": "Other", "views": 22739.0, "revenue": 397.8, "ad_spend": 22.82, "orders": 6.0, "clicks": 0.0, "mer": 17.43207712532866, "roas": 17.43207712532866, "cac": 3.8033333333333332, "aov": 66.3, "rpm": 17.494173006728527, "ctr": 0.0, "share": 0.5939086294416244}
{"date": "2025-06-30", "channel": "0.0", "views": 601798.0, "revenue": 136.0, "ad_spend": 0.0, "orders": 204.0, "clicks": 0.0, "mer": Infinity, "roas": Infinity, "cac": 0.0, "aov": 0.6666666666666666, "rpm": 0.22598945161000866, "ctr": 0.0, "share": 0.4}
{"date": "2025-06-30", "channel": "Other", "views": 305985.0, "revenue": 204.0, "ad_spend": 25.07, "orders": 3.0, "clicks": 0.0, "mer": 8.137215795771839, "roas": 8.137215795771839, "cac": 8.356666666666667, "aov": 68.0, "rpm": 0.6666993480072553, "ctr": 0.0, "share": 0.6}
{"date": "2025-07-01", "channel": "0.0", "views": 756944.0, "revenue": 544.0, "ad_spend": 0.0, "orders": 754.8, "clicks": 0.0, "mer": Infinity, "roas": Infinity, "cac": 0.0, "aov": 0.7207207207207208, "rpm": 0.7186793210594179, "ctr": 0.0, "share": 0.4060913705583757}
{"date": "2025-07-01", "channel": "Other", "views": 386548.0, "revenue": 795.6, "ad_spend": 38.71, "orders": 12.0, "clicks": 0.0, "mer": 20.55282872642728, "roas": 20.55282872642728, "cac": 3.2258333333333336, "aov": 66.3, "rpm": 2.058217866862589, "ctr": 0.0, "share": 0.5939086294416244}
{"date": "2025-07-02", "channel": "Other", "views": 18959.0, "revenue": 598.4, "ad_spend": 76.59, "orders": 9.0, "clicks": 0.0, "mer": 7.813030421726073, "roas": 7.813030421726073, "cac": 8.51, "aov": 66.48888888888888, "rpm": 31.56284614167414, "ctr": 0.0, "share": 0.5945945945945946}
{"date": "2025-07-02", "channel": "0.0", "views": 7190.0, "revenue": 408.0, "ad_spend": 0.0, "orders": 571.2, "clicks": 0.0, "mer": Infinity, "roas": Infinity, "cac": 0.0, "aov": 0.7142857142857142, "rpm": 56.74547983310153, "ctr": 0.0, "share": 0.40540540540540543}
{"date": "2025-07-03", "channel": "Other", "views": 60843.0, "revenue": 3972.0, "ad_spend": 119.31, "orders": 42.0, "clicks": 0.0, "mer": 33.29142569776213, "roas": 33.29142569776213, "cac": 2.8407142857142857, "aov": 94.57142857142857, "rpm": 65.28277698338346, "ctr": 0.0, "share": 0.5942549371633752}
{"date": "2025-07-03", "channel": "0.0", "views": 79866.0, "revenue": 2712.0, "ad_spend": 0.0, "orders": 3780.0, "clicks": 0.0, "mer": Infinity, "roas": Infinity, "cac": 0.0, "aov": 0.7174603174603175, "rpm": 33.956877770265194, "ctr": 0.0, "share": 0.40574506283662476}
{"date": "2025-07-04", "channel": "0.0", "views": 43868.0, "revenue": 1312.0, "ad_spend": 0.0, "orders": 1771.1999999999998, "clicks": 0.0, "mer": Infinity, "roas": Infinity, "cac": 0.0, "aov": 0.7407407407407408, "rpm": 29.907905534786178, "ctr": 0.0, "share": 0.40816326530612246}
{"date": "2025-07-04", "channel": "Other", "views": 47082.0, "revenue": 1902.4, "ad_spend": 128.69, "orders": 24.0, "clicks": 0.0, "mer": 14.782811407257752, "roas": 14.782811407257752, "cac": 5.3620833333333335, "aov": 79.26666666666667, "rpm": 40.40609999575209, "ctr": 0.0, "share": 0.5918367346938775}
{"date": "2025-07-05", "channel": "3890849.0", "views": 12132.0, "revenue": 1016.0, "ad_spend": 0.0, "orders": 1392.0, "clicks": 0.0, "mer": Infinity, "roas": Infinity, "cac": 0.0, "aov": 0.7298850574712644, "rpm": 83.74546653478404, "ctr": 0.0, "share": 0.40705128205128205}
{"date": "2025-07-05", "channel": "Other", "views": 22800.0, "revenue": 1480.0, "ad_spend": 53.17, "orders": 15.0, "clicks": 0.0, "mer": 27.83524543915742, "roas": 27.83524543915742, "cac": 3.5446666666666666, "aov": 98.66666666666667, "rpm": 64.91228070175438, "ctr": 0.0, "share": 0.592948717948718}
{"date": "2025-07-06", "channel": "0.0", "views": 489874.0, "revenue": 3912.0, "ad_spend": 0.0, "orders": 5572.799999999999, "clicks": 0.0, "mer": Infinity, "roas": Infinity, "cac": 0.0, "aov": 0.7019810508182602, "rpm": 7.9857269420299914, "ctr": 0.0, "share": 0.4040654437283094}
{"date": "2025-07-06", "channel": "Other", "views": 296081.0, "revenue": 5769.6, "ad_spend": 148.7, "orders": 66.0, "clicks": 0.0, "mer": 38.80026899798252, "roas": 38.80026899798252, "cac": 2.253030303030303, "aov": 87.41818181818182, "rpm": 19.48655942123946, "ctr": 0.0, "share": 0.5959345562716907}
{"date": "2025-07-07", "channel": "0.0", "views": 1061690.0, "revenue": 3256.0, "ad_spend": 0.0, "orders": 4514.4, "clicks": 0.0, "mer": Infinity, "roas": Infinity, "cac": 0.0, "aov": 0.7212475633528266, "rpm": 3.0668085787753485, "ctr": 0.0, "share": 0.40614709110867175}
{"date": "2025-07-07", "channel": "Other", "views": 592080.0, "revenue": 4760.8, "ad_spend": 132.64, "orders": 57.0, "clicks": 0.0, "mer": 35.89264173703258, "roas": 35.89264173703258, "cac": 2.327017543859649, "aov": 83.52280701754387, "rpm": 8.040805296581542, "ctr": 0.0, "share": 0.5938529088913282}
{"date": "2025-07-08", "channel": "0.0", "views": 1618202.0, "revenue": 2489.0, "ad_spend": 0.0, "orders": 3499.5, "clicks": 0.0, "mer": Infinity, "roas": Infinity, "cac": 0.0, "aov": 0.711244463494785, "rpm": 1.5381268840354911, "ctr": 0.0, "share": 0.40507771177475793}
{"date": "2025-07-08", "channel": "Other", "views": 863693.0, "revenue": 3655.5, "ad_spend": 0.0, "orders": 45.0, "clicks": 0.0, "mer": Infinity, "roas": Infinity, "cac": 0.0, "aov": 81.23333333333333, "rpm": 4.232406653753127, "ctr": 0.0, "share": 0.5949222882252421}
{"date": "2025-07-09", "channel": "Other", "views": 639453.0, "revenue": 9808.8, "ad_spend": 178.87, "orders": 111.0, "clicks": 0.0, "mer": 54.837591546933524, "roas": 54.837591546933524, "cac": 1.6114414414414415, "aov": 88.36756756756756, "rpm": 15.33936035955731, "ctr": 0.0, "share": 0.5928630143610076}
{"date": "2025-07-09", "channel": "3890849.0", "views": 996712.0, "revenue": 6736.0, "ad_spend": 0.0, "orders": 9402.0, "clicks": 0.0, "mer": Infinity, "roas": Infinity, "cac": 0.0, "aov": 0.7164433099340566, "rpm": 6.758221030749103, "ctr": 0.0, "share": 0.4071369856389923}
{"date": "2025-07-10", "channel": "7781698.0", "views": 1366674.0, "revenue": 10176.94, "ad_spend": 0.0, "orders": 14978.43, "clicks": 0.0, "mer": Infinity, "roas": Infinity, "cac": 0.0, "aov": 0.6794397009566423, "rpm": 7.446501506577282, "ctr": 0.0, "share": 0.40449819590435715}
{"date": "2025-07-10", "channel": "Other", "views": 813573.0, "revenue": 14982.48, "ad_spend": 310.09, "orders": 168.0, "clicks": 0.0, "mer": 48.31655325873134, "roas": 48.31655325873134, "cac": 1.8457738095238094, "aov": 89.18142857142857, "rpm": 18.41565538679381, "ctr": 0.0, "share": 0.5955018040956429}
{"date": "2025-07-11", "channel": "7781698.0", "views": 240558.0, "revenue": 14456.04, "ad_spend": 0.0, "orders": 20800.050000000003, "clicks": 0.0, "mer": Infinity, "roas": Infinity, "cac": 0.0, "aov": 0.6950002524032394, "rpm": 60.09378195695009, "ctr": 0.0, "share": 0.40405473506621353}
{"date": "2025-07-11", "channel": "Other", "views": 257685.0, "revenue": 21321.39, "ad_spend": 426.49, "orders": 228.0, "clicks": 0.0, "mer": 49.99270791812234, "roas": 49.99270791812234, "cac": 1.8705701754385966, "aov": 93.51486842105263, "rpm": 82.74206880493625, "ctr": 0.0, "share": 0.5959452649337864}
{"date": "2025-07-12", "channel": "7781698.0", "views": 251199.0, "revenue": 5069.18, "ad_spend": 0.0, "orders": 9879.84, "clicks": 0.0, "mer": Infinity, "roas": Infinity, "cac": 0.0, "aov": 0.513083207825228, "rpm": 20.179937022042285, "ctr": 0.0, "share": 0.2532278030158465}
{"date": "2025-07-12", "channel": "Other", "views": 394483.0, "revenue": 14949.080000000002, "ad_spend": 433.26, "orders": 177.0, "clicks": 0.0, "mer": 34.503716013479206, "roas": 34.503716013479206, "cac": 2.4477966101694917, "aov": 84.45807909604521, "rpm": 37.89537191716754, "ctr": 0.0, "share": 0.7467721969841534}
{"date": "2025-07-13", "channel": "3890849.0", "views": 327991.0, "revenue": 5030.43, "ad_spend": 0.0, "orders": 9317.74, "clicks": 0.0, "mer": Infinity, "roas": Infinity, "cac": 0.0, "aov": 0.5398766224427812, "rpm": 15.337097664265178, "ctr": 0.0, "share": 0.25305806859249363}
{"date": "2025-07-13", "channel": "Other", "views": 495034.0, "revenue": 14848.130000000001, "ad_spend": 550.31, "orders": 147.0, "clicks": 0.0, "mer": 26.981392306154717, "roas": 26.981392306154717, "cac": 3.7436054421768703, "aov": 101.00768707482995, "rpm": 29.99416201715438, "ctr": 0.0, "share": 0.7469419314075064}
{"date": "2025-07-14", "channel": "11672547.0", "views": 56070.0, "revenue": 3782.87, "ad_spend": 0.0, "orders": 7342.42, "clicks": 0.0, "mer": Infinity, "roas": Infinity, "cac": 0.0, "aov": 0.5152075201364128, "rpm": 67.4669163545568, "ctr": 0.0, "share": 0.25478985008439403}
{"date": "2025-07-14", "channel": "Other", "views": 184331.0, "revenue": 11064.15, "ad_spend": 475.44, "orders": 126.0, "clicks": 0.0, "mer": 23.271390711761736, "roas": 23.271390711761736, "cac": 3.7733333333333334, "aov": 87.81071428571428, "rpm": 60.02327335065724, "ctr": 0.0, "share": 0.745210149915606}
{"date": "2025-07-15", "channel": "Other", "views": 217808.0, "revenue": 15005.64, "ad_spend": 544.27, "orders": 168.0, "clicks": 0.0, "mer": 27.570213313245265, "roas": 27.570213313245265, "cac": 3.239702380952381, "aov": 89.31928571428571, "rpm": 68.89388819510762, "ctr": 0.0, "share": 0.7470238554544355}
{"date": "2025-07-15", "channel": "7781698.0", "views": 89924.0, "revenue": 5081.59, "ad_spend": 0.0, "orders": 10079.32, "clicks": 0.0, "mer": Infinity, "roas": Infinity, "cac": 0.0, "aov": 0.5041600028573356, "rpm": 56.50983052355322, "ctr": 0.0, "share": 0.25297614454556455}
{"date": "2025-07-16", "channel": "7781698.0", "views": 377584.0, "revenue": 4425.91, "ad_spend": 0.0, "orders": 8623.82, "clicks": 0.0, "mer": Infinity, "roas": Infinity, "cac": 0.0, "aov": 0.5132191998441525, "rpm": 11.721656637993135, "ctr": 0.0, "share": 0.2525967888850587}
{"date": "2025-07-16", "channel": "Other", "views": 505903.0, "revenue": 13095.73, "ad_spend": 513.47, "orders": 141.0, "clicks": 0.0, "mer": 25.50437221259275, "roas": 25.50437221259275, "cac": 3.641631205673759, "aov": 92.87751773049645, "rpm": 25.88585163559022, "ctr": 0.0, "share": 0.7474032111149413}
{"date": "2025-07-17", "channel": "11672547.0", "views": 44023.0, "revenue": 4554.14, "ad_spend": 0.0, "orders": 8969.86, "clicks": 0.0, "mer": Infinity, "roas": Infinity, "cac": 0.0, "aov": 0.5077158394891336, "rpm": 103.44910614905845, "ctr": 0.0, "share": 0.25277003351847405}
{"date": "2025-07-17", "channel": "Other", "views": 188708.0, "revenue": 13462.79, "ad_spend": 555.84, "orders": 147.0, "clicks": 0.0, "mer": 24.220621042026483, "roas": 24.220621042026483, "cac": 3.7812244897959184, "aov": 91.58360544217688, "rpm": 71.34191449223138, "ctr": 0.0, "share": 0.7472299664815261}
{"date": "2025-07-18", "channel": "15563396.0", "views": 349620.0, "revenue": 7176.91, "ad_spend": 0.0, "orders": 13562.06, "clicks": 0.0, "mer": Infinity, "roas": Infinity, "cac": 0.0, "aov": 0.5291902557576061, "rpm": 20.527744408214634, "ctr": 0.0, "share": 0.25859234928888913}
{"date": "2025-07-18", "channel": "Other", "views": 511701.0, "revenue": 20576.85, "ad_spend": 740.74, "orders": 240.0, "clicks": 0.0, "mer": 27.778775278775278, "roas": 27.778775278775278, "cac": 3.0864166666666666, "aov": 85.736875, "rpm": 40.212643711855165, "ctr": 0.0, "share": 0.7414076507111108}
{"date": "2025-07-19", "channel": "11672547.0", "views": 28257.0, "revenue": 6672.11, "ad_spend": 0.0, "orders": 13103.2, "clicks": 0.0, "mer": Infinity, "roas": Infinity, "cac": 0.0, "aov": 0.5091969900482325, "rpm": 236.12237675620202, "ctr": 0.0, "share": 0.2546302674527814}
{"date": "2025-07-19", "channel": "Other", "views": 169098.0, "revenue": 19531.02, "ad_spend": 699.14, "orders": 204.0, "clicks": 0.0, "mer": 27.935778241839976, "roas": 27.935778241839976, "cac": 3.427156862745098, "aov": 95.74029411764707, "rpm": 115.50118865983039, "ctr": 0.0, "share": 0.7453697325472186}
{"date": "2025-07-20", "channel": "7781698.0", "views": 27357.0, "revenue": 7258.12, "ad_spend": 0.0, "orders": 14107.16, "clicks": 0.0, "mer": Infinity, "roas": Infinity, "cac": 0.0, "aov": 0.5144990203556208, "rpm": 265.31125488905946, "ctr": 0.0, "share": 0.25384840834992867}
{"date": "2025-07-20", "channel": "Other", "views": 182862.0, "revenue": 21334.22, "ad_spend": 839.13, "orders": 231.0, "clicks": 0.0, "mer": 25.42421317316745, "roas": 25.42421317316745, "cac": 3.6325974025974026, "aov": 92.35593073593074, "rpm": 116.66841662018352, "ctr": 0.0, "share": 0.7461515916500714}
{"date": "2025-07-21", "channel": "Other", "views": 186930.0, "revenue": 20075.71, "ad_spend": 893.81, "orders": 210.0, "clicks": 0.0, "mer": 22.46082500755194, "roas": 22.46082500755194, "cac": 4.256238095238095, "aov": 95.59861904761904, "rpm": 107.39694003102765, "ctr": 0.0, "share": 0.7440033413185014}
{"date": "2025-07-21", "channel": "3890849.0", "views": 22391.0, "revenue": 6907.65, "ad_spend": 0.0, "orders": 13498.06, "clicks": 0.0, "mer": Infinity, "roas": Infinity, "cac": 0.0, "aov": 0.5117513183375981, "rpm": 308.50118351123217, "ctr": 0.0, "share": 0.2559966586814985}
{"date": "2025-07-22", "channel": "11672547.0", "views": 958434.0, "revenue": 5403.55, "ad_spend": 0.0, "orders": 10207.1, "clicks": 0.0, "mer": Infinity, "roas": Infinity, "cac": 0.0, "aov": 0.52939130605167, "rpm": 5.637894732448974, "ctr": 0.0, "share": 0.2535187809066256}
{"date": "2025-07-22", "channel": "Other", "views": 1147509.0, "revenue": 15910.650000000001, "ad_spend": 787.53, "orders": 171.0, "clicks": 0.0, "mer": 20.203230353129406, "roas": 20.203230353129406, "cac": 4.605438596491228, "aov": 93.04473684210527, "rpm": 13.865381447988645, "ctr": 0.0, "share": 0.7464812190933744}
{"date": "2025-07-23", "channel": "7781698.0", "views": 26121.0, "revenue": 6005.61, "ad_spend": 0.0, "orders": 11454.4, "clicks": 0.0, "mer": Infinity, "roas": Infinity, "cac": 0.0, "aov": 0.5243059435675373, "rpm": 229.91501091076145, "ctr": 0.0, "share": 0.25541353652063853}
{"date": "2025-07-23", "channel": "Other", "views": 364201.0, "revenue": 17507.67, "ad_spend": 745.87, "orders": 180.0, "clicks": 0.0, "mer": 23.47281697883009, "roas": 23.47281697883009, "cac": 4.143722222222222, "aov": 97.26483333333333, "rpm": 48.071449556700834, "ctr": 0.0, "share": 0.7445864634793614}
{"date": "2025-07-24", "channel": "19454245.0", "views": 43712.0, "revenue": 7355.77, "ad_spend": 0.0, "orders": 13683.380000000001, "clicks": 0.0, "mer": Infinity, "roas": Infinity, "cac": 0.0, "aov": 0.5375696648050409, "rpm": 168.2780472181552, "ctr": 0.0, "share": 0.2555417752301546}
{"date": "2025-07-24", "channel": "Other", "views": 313162.0, "revenue": 21429.23, "ad_spend": 829.18, "orders": 240.0, "clicks": 0.0, "mer": 25.843881907426614, "roas": 25.843881907426614, "cac": 3.4549166666666666, "aov": 89.28845833333334, "rpm": 68.42857690268934, "ctr": 0.0, "share": 0.7444582247698454}
{"date": "2025-07-25", "channel": "11672547.0", "views": 95077.0, "revenue": 9617.56, "ad_spend": 0.0, "orders": 19211.14, "clicks": 0.0, "mer": Infinity, "roas": Infinity, "cac": 0.0, "aov": 0.500624117048754, "rpm": 101.1554845020352, "ctr": 0.0, "share": 0.25446612717802997}
{"date": "2025-07-25", "channel": "Other", "views": 319210.0, "revenue": 28177.489999999998, "ad_spend": 915.62, "orders": 285.0, "clicks": 0.0, "mer": 30.77421856228566, "roas": 30.77421856228566, "cac": 3.212701754385965, "aov": 98.86838596491228, "rpm": 88.27257917985024, "ctr": 0.0, "share": 0.7455338728219701}
{"date": "2025-07-26", "channel": "7781698.0", "views": 10016.0, "revenue": 6466.41, "ad_spend": 0.0, "orders": 12657.22, "clicks": 0.0, "mer": Infinity, "roas": Infinity, "cac": 0.0, "aov": 0.5108870668282609, "rpm": 645.6080271565495, "ctr": 0.0, "share": 0.25367125254498596}
{"date": "2025-07-26", "channel": "Other", "views": 186887.0, "revenue": 19024.89, "ad_spend": 891.2, "orders": 192.0, "clicks": 0.0, "mer": 21.347497755834826, "roas": 21.347497755834826, "cac": 4.641666666666667, "aov": 99.08796875, "rpm": 101.79889451914794, "ctr": 0.0, "share": 0.7463287474550141}
{"date": "2025-07-27", "channel": "Other", "views": 338415.0, "revenue": 17185.36, "ad_spend": 984.58, "orders": 192.0, "clicks": 0.0, "mer": 17.454508521399987, "roas": 17.454508521399987, "cac": 5.128020833333333, "aov": 89.50708333333334, "rpm": 50.78190978532275, "ctr": 0.0, "share": 0.7464628998118789}
{"date": "2025-07-27", "channel": "23345094.0", "views": 153951.0, "revenue": 5837.03, "ad_spend": 0.0, "orders": 11022.6, "clicks": 0.0, "mer": Infinity, "roas": Infinity, "cac": 0.0, "aov": 0.5295511040952225, "rpm": 37.91485602561854, "ctr": 0.0, "share": 0.2535371001881212}
{"date": "2025-07-28", "channel": "0.0", "views": 37668.0, "revenue": 5869.24, "ad_spend": 0.0, "orders": 11255.96, "clicks": 0.0, "mer": Infinity, "roas": Infinity, "cac": 0.0, "aov": 0.5214339780880529, "rpm": 155.81501539768504, "ctr": 0.0, "share": 0.25445450592366153}
{"date": "2025-07-28", "channel": "Other", "views": 212855.0, "revenue": 17196.73, "ad_spend": 976.32, "orders": 186.0, "clicks": 0.0, "mer": 17.613825385119632, "roas": 17.613825385119632, "cac": 5.249032258064516, "aov": 92.4555376344086, "rpm": 80.7908200418125, "ctr": 0.0, "share": 0.7455454940763384}
{"date": "2025-07-29", "channel": "11672547.0", "views": 70538.0, "revenue": 4969.45, "ad_spend": 0.0, "orders": 9569.78, "clicks": 0.0, "mer": Infinity, "roas": Infinity, "cac": 0.0, "aov": 0.5192857098073309, "rpm": 70.4506790666024, "ctr": 0.0, "share": 0.25321728549561684}
{"date": "2025-07-29", "channel": "Other", "views": 236478.0, "revenue": 14655.79, "ad_spend": 915.16, "orders": 171.0, "clicks": 0.0, "mer": 16.01445648848289, "roas": 16.01445648848289, "cac": 5.351812865497076, "aov": 85.70637426900585, "rpm": 61.97527888429368, "ctr": 0.0, "share": 0.7467827145043832}
{"date": "2025-07-30", "channel": "23345094.0", "views": 55651.0, "revenue": 6026.54, "ad_spend": 0.0, "orders": 11412.78, "clicks": 0.0, "mer": Infinity, "roas": Infinity, "cac": 0.0, "aov": 0.5280518856930564, "rpm": 108.29167490251747, "ctr": 0.0, "share": 0.2552401927047488}
{"date": "2025-07-30", "channel": "Other", "views": 229412.0, "revenue": 17584.71, "ad_spend": 966.41, "orders": 198.0, "clicks": 0.0, "mer": 18.195910638341903, "roas": 18.195910638341903, "cac": 4.880858585858586, "aov": 88.81166666666667, "rpm": 76.65122138336268, "ctr": 0.0, "share": 0.7447598072952512}
{"date": "2025-07-31", "channel": "7781698.0", "views": 16978.0, "revenue": 4674.98, "ad_spend": 0.0, "orders": 8949.14, "clicks": 0.0, "mer": Infinity, "roas": Infinity, "cac": 0.0, "aov": 0.5223943306284179, "rpm": 275.3551655083049, "ctr": 0.0, "share": 0.25270831497699126}
{"date": "2025-07-31", "channel": "Other", "views": 151275.0, "revenue": 13824.529999999999, "ad_spend": 894.95, "orders": 150.0, "clicks": 0.0, "mer": 15.447265210346945, "roas": 15.447265210346945, "cac": 5.966333333333334, "aov": 92.16353333333332, "rpm": 91.38674599239793, "ctr": 0.0, "share": 0.7472916850230087}
{"date": "2025-08-01", "channel": "Other", "views": 182750.0, "revenue": 20229.79, "ad_spend": 1000.77, "orders": 216.0, "clicks": 0.0, "mer": 20.21422504671403, "roas": 20.21422504671403, "cac": 4.633194444444444, "aov": 93.65643518518519, "rpm": 110.69652530779754, "ctr": 0.0, "share": 0.7458614032810869}
{"date": "2025-08-01", "channel": "19454245.0", "views": 0.0, "revenue": 6892.93, "ad_spend": 0.0, "orders": 13369.46, "clicks": 0.0, "mer": Infinity, "roas": Infinity, "cac": 0.0, "aov": 0.5155728054835425, "rpm": null, "ctr": null, "share": 0.25413859671891315}
{"date": "2025-08-02", "channel": "11672547.0", "views": 0.0, "revenue": 5650.57, "ad_spend": 0.0, "orders": 11270.74, "clicks": 0.0, "mer": Infinity, "roas": Infinity, "cac": 0.0, "aov": 0.5013486248462834, "rpm": null, "ctr": null, "share": 0.2529455107372372}
{"date": "2025-08-02", "channel": "Other", "views": 155038.0, "revenue": 16688.51, "ad_spend": 1029.93, "orders": 189.0, "clicks": 0.0, "mer": 16.203538104531372, "roas": 16.203538104531372, "cac": 5.44936507936508, "aov": 88.2989947089947, "rpm": 107.64141694294301, "ctr": 0.0, "share": 0.7470544892627629}
{"date": "2025-08-03", "channel": "11672547.0", "views": 19189.0, "revenue": 5362.75, "ad_spend": 0.0, "orders": 10280.78, "clicks": 0.0, "mer": Infinity, "roas": Infinity, "cac": 0.0, "aov": 0.5216287091057293, "rpm": 279.4700088592423, "ctr": 0.0, "share": 0.25560469080066195}
{"date": "2025-08-03", "channel": "Other", "views": 197356.0, "revenue": 15617.89, "ad_spend": 1047.34, "orders": 180.0, "clicks": 0.0, "mer": 14.911957912425764, "roas": 14.911957912425764, "cac": 5.818555555555555, "aov": 86.76605555555555, "rpm": 79.13562293520339, "ctr": 0.0, "share": 0.744395309199338}
{"date": "2025-08-04", "channel": "11672547.0", "views": 0.0, "revenue": 5717.27, "ad_spend": 0.0, "orders": 10560.94, "clicks": 0.0, "mer": Infinity, "roas": Infinity, "cac": 0.0, "aov": 0.541359954701002, "rpm": null, "ctr": null, "share": 0.254867984886066}
{"date": "2025-08-04", "channel": "Other", "views": 151959.0, "revenue": 16715.010000000002, "ad_spend": 969.74, "orders": 201.0, "clicks": 0.0, "mer": 17.236589188854747, "roas": 17.236589188854747, "cac": 4.824577114427861, "aov": 83.1592537313433, "rpm": 109.99684125323279, "ctr": 0.0, "share": 0.745132015113934}
{"date": "2025-08-05", "channel": "7781698.0", "views": 16591.0, "revenue": 4255.29, "ad_spend": 0.0, "orders": 8144.66, "clicks": 0.0, "mer": Infinity, "roas": Infinity, "cac": 0.0, "aov": 0.522463798366046, "rpm": 256.48182749683565, "ctr": 0.0, "share": 0.25374115991461044}
{"date": "2025-08-05", "channel": "Other", "views": 199789.0, "revenue": 12514.91, "ad_spend": 968.7, "orders": 138.0, "clicks": 0.0, "mer": 12.9192835759265, "roas": 12.9192835759265, "cac": 7.019565217391305, "aov": 90.6877536231884, "rpm": 62.64063587084374, "ctr": 0.0, "share": 0.7462588400853896}
{"date": "2025-08-06", "channel": "7781698.0", "views": 0.0, "revenue": 4561.91, "ad_spend": 0.0, "orders": 8530.54, "clicks": 0.0, "mer": Infinity, "roas": Infinity, "cac": 0.0, "aov": 0.5347738830132676, "rpm": null, "ctr": null, "share": 0.2533956633048401}
{"date": "2025-08-06", "channel": "Other", "views": 128904.0, "revenue": 13441.2, "ad_spend": 868.24, "orders": 150.0, "clicks": 0.0, "mer": 15.480973002856354, "roas": 15.480973002856354, "cac": 5.788266666666667, "aov": 89.608, "rpm": 104.27294730962576, "ctr": 0.0, "share": 0.7466043366951599}
{"date": "2025-08-07", "channel": "Other", "views": 133278.0, "revenue": 13412.01, "ad_spend": 865.12, "orders": 147.0, "clicks": 0.0, "mer": 15.503063158868134, "roas": 15.503063158868134, "cac": 5.885170068027211, "aov": 91.23816326530613, "rpm": 100.63183721244316, "ctr": 0.0, "share": 0.746695906481585}
{"date": "2025-08-07", "channel": "11672547.0", "views": 0.0, "revenue": 4549.8, "ad_spend": 0.0, "orders": 8869.62, "clicks": 0.0, "mer": Infinity, "roas": Infinity, "cac": 0.0, "aov": 0.5129644787488077, "rpm": null, "ctr": null, "share": 0.2533040935184149}
{"date": "2025-08-08", "channel": "Other", "views": 143287.0, "revenue": 13547.2, "ad_spend": 855.01, "orders": 147.0, "clicks": 0.0, "mer": 15.84449304686495, "roas": 15.84449304686495, "cac": 5.816394557823129, "aov": 92.15782312925171, "rpm": 94.54591135273961, "ctr": 0.0, "share": 0.7461473215761008}
{"date": "2025-08-08", "channel": "11672547.0", "views": 0.0, "revenue": 4609.0, "ad_spend": 0.0, "orders": 8658.4, "clicks": 0.0, "mer": Infinity, "roas": Infinity, "cac": 0.0, "aov": 0.5323154393421418, "rpm": null, "ctr": null, "share": 0.25385267842389925}
{"date": "2025-08-09", "channel": "7781698.0", "views": 23459.0, "revenue": 4356.86, "ad_spend": 0.0, "orders": 8613.32, "clicks": 0.0, "mer": Infinity, "roas": Infinity, "cac": 0.0, "aov": 0.5058281823965671, "rpm": 185.7223240547338, "ctr": 0.0, "share": 0.2539844841215247}
{"date": "2025-08-09", "channel": "Other", "views": 183289.0, "revenue": 12797.18, "ad_spend": 866.72, "orders": 144.0, "clicks": 0.0, "mer": 14.765068303489016, "roas": 14.765068303489016, "cac": 6.018888888888889, "aov": 88.86930555555556, "rpm": 69.81968366895995, "ctr": 0.0, "share": 0.7460155158784753}
{"date": "2025-08-10", "channel": "7781698.0", "views": 0.0, "revenue": 4195.52, "ad_spend": 0.0, "orders": 7894.14, "clicks": 0.0, "mer": Infinity, "roas": Infinity, "cac": 0.0, "aov": 0.5314727126704113, "rpm": null, "ctr": null, "share": 0.25375673702629126}
{"date": "2025-08-10", "channel": "Other", "views": 140740.0, "revenue": 12338.11, "ad_spend": 909.83, "orders": 132.0, "clicks": 0.0, "mer": 13.560895991558862, "roas": 13.560895991558862, "cac": 6.892651515151515, "aov": 93.4705303030303, "rpm": 87.66597982094643, "ctr": 0.0, "share": 0.7462432629737087}
{"date": "2025-08-11", "channel": "23345094.0", "views": 0.0, "revenue": 3871.8, "ad_spend": 0.0, "orders": 7424.0, "clicks": 0.0, "mer": Infinity, "roas": Infinity, "cac": 0.0, "aov": 0.5215247844827586, "rpm": null, "ctr": null, "share": 0.2526064433628665}
{"date": "2025-08-11", "channel": "Other", "views": 132867.0, "revenue": 11455.6, "ad_spend": 887.69, "orders": 120.0, "clicks": 0.0, "mer": 12.904955558809945, "roas": 12.904955558809945, "cac": 7.397416666666667, "aov": 95.46333333333334, "rpm": 86.21854937644412, "ctr": 0.0, "share": 0.7473935566371335}
{"date": "2025-08-12", "channel": "3890849.0", "views": 51040.0, "revenue": 6144.51, "ad_spend": 0.0, "orders": 8193.82, "clicks": 0.0, "mer": Infinity, "roas": Infinity, "cac": 0.0, "aov": 0.7498956530653591, "rpm": 120.38616771159874, "ctr": 0.0, "share": 0.28136290329227714}
{"date": "2025-08-12", "channel": "Other", "views": 191752.0, "revenue": 15693.87, "ad_spend": 828.73, "orders": 114.0, "clicks": 0.0, "mer": 18.93725338771373, "roas": 18.93725338771373, "cac": 7.269561403508772, "aov": 137.6655263157895, "rpm": 81.84462222036798, "ctr": 0.0, "share": 0.7186370967077228}
{"date": "2025-08-13", "channel": "15563396.0", "views": 110313.0, "revenue": 4266.84, "ad_spend": 0.0, "orders": 7911.24, "clicks": 0.0, "mer": Infinity, "roas": Infinity, "cac": 0.0, "aov": 0.5393389658258377, "rpm": 38.67939408773218, "ctr": 0.0, "share": 0.25558740284828607}
{"date": "2025-08-13", "channel": "Other", "views": 285913.0, "revenue": 12427.41, "ad_spend": 855.98, "orders": 135.0, "clicks": 0.0, "mer": 14.518341550036215, "roas": 14.518341550036215, "cac": 6.340592592592593, "aov": 92.05488888888888, "rpm": 43.465704602448994, "ctr": 0.0, "share": 0.7444125971517139}
{"date": "2025-08-14", "channel": "Other", "views": 126336.0, "revenue": 10227.33, "ad_spend": 823.9, "orders": 120.0, "clicks": 0.0, "mer": 12.413314722660518, "roas": 12.413314722660518, "cac": 6.865833333333333, "aov": 85.22775, "rpm": 80.95340995440729, "ctr": 0.0, "share": 0.7456485190310308}
{"date": "2025-08-14", "channel": "7781698.0", "views": 0.0, "revenue": 3488.69, "ad_spend": 0.0, "orders": 6500.4, "clicks": 0.0, "mer": Infinity, "roas": Infinity, "cac": 0.0, "aov": 0.5366885114762169, "rpm": null, "ctr": null, "share": 0.25435148096896915}
{"date": "2025-08-15", "channel": "7781698.0", "views": 16546.0, "revenue": 3259.6, "ad_spend": 0.0, "orders": 6342.0, "clicks": 0.0, "mer": Infinity, "roas": Infinity, "cac": 0.0, "aov": 0.5139703563544623, "rpm": 197.00229662758372, "ctr": 0.0, "share": 0.25303917154434935}
{"date": "2025-08-15", "channel": "Other", "views": 118491.0, "revenue": 9622.2, "ad_spend": 763.74, "orders": 108.0, "clicks": 0.0, "mer": 12.598790164192003, "roas": 12.598790164192003, "cac": 7.071666666666666, "aov": 89.09444444444445, "rpm": 81.20616755702964, "ctr": 0.0, "share": 0.7469608284556506}
{"date": "2025-08-16", "channel": "7781698.0", "views": 480097.0, "revenue": 5352.4, "ad_spend": 0.0, "orders": 9002.82, "clicks": 0.0, "mer": Infinity, "roas": Infinity, "cac": 0.0, "aov": 0.5945248266654226, "rpm": 11.148580391045977, "ctr": 0.0, "share": 0.2619076629179285}
{"date": "2025-08-16", "channel": "Other", "views": 730494.0, "revenue": 15083.81, "ad_spend": 812.62, "orders": 162.0, "clicks": 0.0, "mer": 18.561947773867242, "roas": 18.561947773867242, "cac": 5.016172839506173, "aov": 93.10993827160493, "rpm": 20.648780140562415, "ctr": 0.0, "share": 0.7380923370820714}
{"date": "2025-08-17", "channel": "19454245.0", "views": 337675.0, "revenue": 7327.32, "ad_spend": 0.0, "orders": 13816.76, "clicks": 0.0, "mer": Infinity, "roas": Infinity, "cac": 0.0, "aov": 0.5303211462021487, "rpm": 21.699326275264678, "ctr": 0.0, "share": 0.2596935133682979}
{"date": "2025-08-17", "channel": "Other", "views": 680395.0, "revenue": 20887.94, "ad_spend": 947.88, "orders": 228.0, "clicks": 0.0, "mer": 22.03648141114909, "roas": 22.03648141114909, "cac": 4.157368421052632, "aov": 91.61377192982455, "rpm": 30.699725894517155, "ctr": 0.0, "share": 0.7403064866317022}
{"date": "2025-08-18", "channel": "15563396.0", "views": 126039.0, "revenue": 4749.59, "ad_spend": 0.0, "orders": 9211.92, "clicks": 0.0, "mer": Infinity, "roas": Infinity, "cac": 0.0, "aov": 0.5155917550304389, "rpm": 37.683494791294756, "ctr": 0.0, "share": 0.2535719357590784}
{"date": "2025-08-18", "channel": "Other", "views": 411593.0, "revenue": 13981.150000000001, "ad_spend": 884.37, "orders": 144.0, "clicks": 0.0, "mer": 15.809163585377163, "roas": 15.809163585377163, "cac": 6.1414583333333335, "aov": 97.09131944444445, "rpm": 33.96838624563586, "ctr": 0.0, "share": 0.7464280642409217}
{"date": "2025-08-19", "channel": "27235943.0", "views": 199448.0, "revenue": 5373.95, "ad_spend": 0.0, "orders": 10824.1, "clicks": 0.0, "mer": Infinity, "roas": Infinity, "cac": 0.0, "aov": 0.49648007686551304, "rpm": 26.94411575949621, "ctr": 0.0, "share": 0.2581932931578141}
{"date": "2025-08-19", "channel": "Other", "views": 508328.0, "revenue": 15439.72, "ad_spend": 854.03, "orders": 171.0, "clicks": 0.0, "mer": 18.078662342072292, "roas": 18.078662342072292, "cac": 4.994327485380117, "aov": 90.29076023391812, "rpm": 30.373538345320345, "ctr": 0.0, "share": 0.741806706842186}
{"date": "2025-08-20", "channel": "Other", "views": 490865.0, "revenue": 16935.68, "ad_spend": 910.09, "orders": 177.0, "clicks": 0.0, "mer": 18.608796932171543, "roas": 18.608796932171543, "cac": 5.141751412429379, "aov": 95.68180790960452, "rpm": 34.501706171758016, "ctr": 0.0, "share": 0.7408255706883693}
{"date": "2025-08-20", "channel": "23345094.0", "views": 168805.0, "revenue": 5924.87, "ad_spend": 0.0, "orders": 10171.94, "clicks": 0.0, "mer": Infinity, "roas": Infinity, "cac": 0.0, "aov": 0.5824719768303784, "rpm": 35.0989010989011, "ctr": 0.0, "share": 0.25917442931163076}
{"date": "2025-08-21", "channel": "7781698.0", "views": 115622.0, "revenue": 4574.29, "ad_spend": 0.0, "orders": 8570.24, "clicks": 0.0, "mer": Infinity, "roas": Infinity, "cac": 0.0, "aov": 0.5337411787767904, "rpm": 39.56245351230734, "ctr": 0.0, "share": 0.25497728817017173}
{"date": "2025-08-21", "channel": "Other", "views": 390228.0, "revenue": 13365.7, "ad_spend": 862.82, "orders": 156.0, "clicks": 0.0, "mer": 15.490716487795833, "roas": 15.490716487795833, "cac": 5.530897435897436, "aov": 85.6775641025641, "rpm": 34.25100197833061, "ctr": 0.0, "share": 0.7450227118298282}
{"date": "2025-08-22", "channel": "3890849.0", "views": 117013.0, "revenue": 4802.77, "ad_spend": 0.0, "orders": 8845.82, "clicks": 0.0, "mer": Infinity, "roas": Infinity, "cac": 0.0, "aov": 0.5429423162578484, "rpm": 41.044755710903914, "ctr": 0.0, "share": 0.25596725935100695}
{"date": "2025-08-22", "channel": "Other", "views": 354139.0, "revenue": 13960.45, "ad_spend": 837.05, "orders": 153.0, "clicks": 0.0, "mer": 16.67815542679649, "roas": 16.67815542679649, "cac": 5.470915032679739, "aov": 91.24477124183007, "rpm": 39.42082063822397, "ctr": 0.0, "share": 0.744032740648993}
{"date": "2025-08-23", "channel": "19454245.0", "views": 25309.0, "revenue": 5518.92, "ad_spend": 0.0, "orders": 10375.84, "clicks": 0.0, "mer": Infinity, "roas": Infinity, "cac": 0.0, "aov": 0.5319010316273188, "rpm": 218.06155912916353, "ctr": 0.0, "share": 0.25940772020598746}
{"date": "2025-08-23", "channel": "Other", "views": 255710.0, "revenue": 15756.16, "ad_spend": 832.85, "orders": 177.0, "clicks": 0.0, "mer": 18.918364651497868, "roas": 18.918364651497868, "cac": 4.7053672316384185, "aov": 89.01785310734464, "rpm": 61.617300848617575, "ctr": 0.0, "share": 0.7405922797940124}
{"date": "2025-08-24", "channel": "23345094.0", "views": 43660.0, "revenue": 5771.2, "ad_spend": 0.0, "orders": 10464.76, "clicks": 0.0, "mer": Infinity, "roas": Infinity, "cac": 0.0, "aov": 0.5514889973587545, "rpm": 132.18506642235457, "ctr": 0.0, "share": 0.25675932994855205}
{"date": "2025-08-24", "channel": "Other", "views": 241905.0, "revenue": 16705.879999999997, "ad_spend": 996.76, "orders": 183.0, "clicks": 0.0, "mer": 16.760182992896983, "roas": 16.760182992896983, "cac": 5.446775956284153, "aov": 91.28896174863387, "rpm": 69.05967218536202, "ctr": 0.0, "share": 0.7432406700514479}
{"date": "2025-08-25", "channel": "Other", "views": 207706.0, "revenue": 14444.05, "ad_spend": 884.33, "orders": 138.0, "clicks": 0.0, "mer": 16.33332579466941, "roas": 16.33332579466941, "cac": 6.408188405797102, "aov": 104.66702898550724, "rpm": 69.54084138156817, "ctr": 0.0, "share": 0.7317147922998987}
{"date": "2025-08-25", "channel": "11672547.0", "views": 56341.0, "revenue": 5295.95, "ad_spend": 0.0, "orders": 7962.7, "clicks": 0.0, "mer": Infinity, "roas": Infinity, "cac": 0.0, "aov": 0.6650947542918859, "rpm": 93.99815409737137, "ctr": 0.0, "share": 0.2682852077001013}
{"date": "2025-08-26", "channel": "Other", "views": 146949.0, "revenue": 10996.189999999999, "ad_spend": 847.09, "orders": 120.0, "clicks": 0.0, "mer": 12.981135416543694, "roas": 12.981135416543694, "cac": 7.059083333333334, "aov": 91.63491666666665, "rpm": 74.82997502534892, "ctr": 0.0, "share": 0.7412768671144631}
{"date": "2025-08-26", "channel": "11672547.0", "views": 0.0, "revenue": 3837.93, "ad_spend": 0.0, "orders": 6642.88, "clicks": 0.0, "mer": Infinity, "roas": Infinity, "cac": 0.0, "aov": 0.5777509152656679, "rpm": null, "ctr": null, "share": 0.2587231328855369}
{"date": "2025-08-27", "channel": "11672547.0", "views": 0.0, "revenue": 3229.38, "ad_spend": 0.0, "orders": 5812.06, "clicks": 0.0, "mer": Infinity, "roas": Infinity, "cac": 0.0, "aov": 0.555634318985007, "rpm": null, "ctr": null, "share": 0.26105366288995807}
{"date": "2025-08-27", "channel": "Other", "views": 158035.0, "revenue": 9141.18, "ad_spend": 899.94, "orders": 90.0, "clicks": 0.0, "mer": 10.15754383625575, "roas": 10.15754383625575, "cac": 9.999333333333334, "aov": 101.56866666666667, "rpm": 57.84275635144114, "ctr": 0.0, "share": 0.7389463371100419}
{"date": "2025-08-28", "channel": "11672547.0", "views": 0.0, "revenue": 4122.16, "ad_spend": 0.0, "orders": 7365.54, "clicks": 0.0, "mer": Infinity, "roas": Infinity, "cac": 0.0, "aov": 0.5596548250365893, "rpm": null, "ctr": null, "share": 0.26474284910564444}
{"date": "2025-08-28", "channel": "Other", "views": 152383.0, "revenue": 11448.27, "ad_spend": 871.01, "orders": 126.0, "clicks": 0.0, "mer": 13.14367228849267, "roas": 13.14367228849267, "cac": 6.9127777777777775, "aov": 90.85928571428572, "rpm": 75.12826233897482, "ctr": 0.0, "share": 0.7352571508943555}
{"date": "2025-08-29", "channel": "23345094.0", "views": 17550.0, "revenue": 4798.04, "ad_spend": 0.0, "orders": 9175.68, "clicks": 0.0, "mer": Infinity, "roas": Infinity, "cac": 0.0, "aov": 0.5229083839017925, "rpm": 273.3925925925926, "ctr": 0.0, "share": 0.2536771781266324}
{"date": "2025-08-29", "channel": "Other", "views": 170153.0, "revenue": 14115.92, "ad_spend": 855.5, "orders": 159.0, "clicks": 0.0, "mer": 16.50019871420222, "roas": 16.50019871420222, "cac": 5.380503144654088, "aov": 88.77937106918239, "rpm": 82.9601593859644, "ctr": 0.0, "share": 0.7463228218733676}
{"date": "2025-08-30", "channel": "15563396.0", "views": 19618.0, "revenue": 5695.1, "ad_spend": 0.0, "orders": 8701.46, "clicks": 0.0, "mer": Infinity, "roas": Infinity, "cac": 0.0, "aov": 0.6544993598775379, "rpm": 290.29972474258335, "ctr": 0.0, "share": 0.2702905370547819}
{"date": "2025-08-30", "channel": "Other", "views": 182748.0, "revenue": 15375.19, "ad_spend": 875.24, "orders": 147.0, "clicks": 0.0, "mer": 17.566827384488825, "roas": 17.566827384488825, "cac": 5.954013605442177, "aov": 104.59312925170069, "rpm": 84.13328736839802, "ctr": 0.0, "share": 0.7297094629452181}
{"date": "2025-08-31", "channel": "Other", "views": 183247.0, "revenue": 11171.26, "ad_spend": 1030.91, "orders": 126.0, "clicks": 0.0, "mer": 10.83630966815726, "roas": 10.83630966815726, "cac": 8.181825396825397, "aov": 88.66079365079365, "rpm": 60.96285341642701, "ctr": 0.0, "share": 0.7454822332315445}
{"date": "2025-08-31", "channel": "19454245.0", "views": 0.0, "revenue": 3814.02, "ad_spend": 0.0, "orders": 7532.84, "clicks": 0.0, "mer": Infinity, "roas": Infinity, "cac": 0.0, "aov": 0.5063189978812772, "rpm": null, "ctr": null, "share": 0.25451776676845544}
{"date": "2025-09-01", "channel": "Other", "views": 161376.0, "revenue": 14152.57, "ad_spend": 944.56, "orders": 150.0, "clicks": 0.0, "mer": 14.983240874057763, "roas": 14.983240874057763, "cac": 6.297066666666666, "aov": 94.35046666666666, "rpm": 87.69934810628594, "ctr": 0.0, "share": 0.7475976890484414}
{"date": "2025-09-01", "channel": "11672547.0", "views": 0.0, "revenue": 4778.16, "ad_spend": 0.0, "orders": 9192.5, "clicks": 0.0, "mer": Infinity, "roas": Infinity, "cac": 0.0, "aov": 0.5197889583899918, "rpm": null, "ctr": null, "share": 0.25240231095155863}
{"date": "2025-09-02", "channel": "11672547.0", "views": 0.0, "revenue": 4471.77, "ad_spend": 0.0, "orders": 8867.22, "clicks": 0.0, "mer": Infinity, "roas": Infinity, "cac": 0.0, "aov": 0.5043034908347825, "rpm": null, "ctr": null, "share": 0.2524580927368271}
{"date": "2025-09-02", "channel": "Other", "views": 136184.0, "revenue": 13241.150000000001, "ad_spend": 907.1, "orders": 144.0, "clicks": 0.0, "mer": 14.597232940138905, "roas": 14.597232940138905, "cac": 6.299305555555556, "aov": 91.95243055555557, "rpm": 97.22985079010752, "ctr": 0.0, "share": 0.7475419072631728}
{"date": "2025-09-03", "channel": "3890849.0", "views": 28868.0, "revenue": 3483.2, "ad_spend": 0.0, "orders": 4548.08, "clicks": 0.0, "mer": Infinity, "roas": Infinity, "cac": 0.0, "aov": 0.7658616383177077, "rpm": 120.65955383123182, "ctr": 0.0, "share": 0.27375813839435886}
{"date": "2025-09-03", "channel": "Other", "views": 188509.0, "revenue": 9240.439999999999, "ad_spend": 901.22, "orders": 81.0, "clicks": 0.0, "mer": 10.253256696478106, "roas": 10.253256696478106, "cac": 11.126172839506173, "aov": 114.07950617283949, "rpm": 49.018561447994514, "ctr": 0.0, "share": 0.7262418616056411}
{"date": "2025-09-04", "channel": "0.0", "views": 111683.0, "revenue": 2556.64, "ad_spend": 0.0, "orders": 4860.08, "clicks": 0.0, "mer": Infinity, "roas": Infinity, "cac": 0.0, "aov": 0.5260489539266843, "rpm": 22.891935209476824, "ctr": 0.0, "share": 0.2531336757769338}
{"date": "2025-09-04", "channel": "Other", "views": 290836.0, "revenue": 7543.32, "ad_spend": 896.95, "orders": 78.0, "clicks": 0.0, "mer": 8.409967110764256, "roas": 8.409967110764256, "cac": 11.499358974358975, "aov": 96.70923076923077, "rpm": 25.936679090621517, "ctr": 0.0, "share": 0.7468663242230663}
{"date": "2025-09-05", "channel": "19454245.0", "views": 32583.0, "revenue": 3285.4, "ad_spend": 0.0, "orders": 5844.46, "clicks": 0.0, "mer": Infinity, "roas": Infinity, "cac": 0.0, "aov": 0.5621391882226929, "rpm": 100.83172206365282, "ctr": 0.0, "share": 0.25710916144098206}
{"date": "2025-09-05", "channel": "Other", "views": 204214.0, "revenue": 9492.83, "ad_spend": 936.57, "orders": 96.0, "clicks": 0.0, "mer": 10.135739987400834, "roas": 10.135739987400834, "cac": 9.7559375, "aov": 98.88364583333333, "rpm": 46.484717012545666, "ctr": 0.0, "share": 0.7428908385590179}
{"date": "2025-09-06", "channel": "19454245.0", "views": 317640.0, "revenue": 4371.22, "ad_spend": 0.0, "orders": 8286.26, "clicks": 0.0, "mer": Infinity, "roas": Infinity, "cac": 0.0, "aov": 0.5275262905098319, "rpm": 13.76155396045838, "ctr": 0.0, "share": 0.2533043515045382}
{"date": "2025-09-06", "channel": "Other", "views": 548437.0, "revenue": 12885.57, "ad_spend": 1023.39, "orders": 129.0, "clicks": 0.0, "mer": 12.591064989886553, "roas": 12.591064989886553, "cac": 7.9332558139534886, "aov": 99.88813953488372, "rpm": 23.495077830270386, "ctr": 0.0, "share": 0.7466956484954618}
{"date": "2025-09-07", "channel": "Other", "views": 385609.0, "revenue": 12564.880000000001, "ad_spend": 706.03, "orders": 138.0, "clicks": 0.0, "mer": 17.79652422701585, "roas": 17.79652422701585, "cac": 5.116159420289855, "aov": 91.04985507246377, "rpm": 32.58450917898701, "ctr": 0.0, "share": 0.7475571040319088}
{"date": "2025-09-07", "channel": "19454245.0", "views": 181201.0, "revenue": 4243.04, "ad_spend": 0.0, "orders": 8296.56, "clicks": 0.0, "mer": Infinity, "roas": Infinity, "cac": 0.0, "aov": 0.5114216012419606, "rpm": 23.416206312327194, "ctr": 0.0, "share": 0.2524428959680912}
{"date": "2025-09-08", "channel": "0.0", "views": 138680.0, "revenue": 2986.74, "ad_spend": 0.0, "orders": 5600.48, "clicks": 0.0, "mer": Infinity, "roas": Infinity, "cac": 0.0, "aov": 0.533300717081393, "rpm": 21.53691952696856, "ctr": 0.0, "share": 0.255293069818091}
{"date": "2025-09-08", "channel": "Other", "views": 423111.0, "revenue": 8712.52, "ad_spend": 1096.87, "orders": 84.0, "clicks": 0.0, "mer": 7.943074384384659, "roas": 7.943074384384659, "cac": 13.05797619047619, "aov": 103.72047619047619, "rpm": 20.591570533500665, "ctr": 0.0, "share": 0.7447069301819089}
{"date": "2025-09-09", "channel": "0.0", "views": 114218.0, "revenue": 4160.0, "ad_spend": 0.0, "orders": 7064.18, "clicks": 0.0, "mer": Infinity, "roas": Infinity, "cac": 0.0, "aov": 0.5888864666528882, "rpm": 36.421579786023216, "ctr": 0.0, "share": 0.2618303578453124}
{"date": "2025-09-09", "channel": "Other", "views": 351869.0, "revenue": 11728.15, "ad_spend": 972.48, "orders": 129.0, "clicks": 0.0, "mer": 12.060042365909839, "roas": 12.060042365909839, "cac": 7.538604651162791, "aov": 90.91589147286821, "rpm": 33.33101239381702, "ctr": 0.0, "share": 0.7381696421546876}
{"date": "2025-09-10", "channel": "0.0", "views": 190679.0, "revenue": 2297.35, "ad_spend": 0.0, "orders": 4005.3, "clicks": 0.0, "mer": Infinity, "roas": Infinity, "cac": 0.0, "aov": 0.5735775097995156, "rpm": 12.048259116106125, "ctr": 0.0, "share": 0.25828302247405754}
{"date": "2025-09-10", "channel": "Other", "views": 373142.0, "revenue": 6597.35, "ad_spend": 310.83, "orders": 75.0, "clicks": 0.0, "mer": 21.22494611202265, "roas": 21.22494611202265, "cac": 4.1444, "aov": 87.96466666666667, "rpm": 17.680534488210924, "ctr": 0.0, "share": 0.7417169775259423}
{"date": "2025-09-11", "channel": "15563396.0", "views": 109751.0, "revenue": 4245.6, "ad_spend": 0.0, "orders": 8118.4, "clicks": 0.0, "mer": Infinity, "roas": Infinity, "cac": 0.0, "aov": 0.5229601891998424, "rpm": 38.683929986970504, "ctr": 0.0, "share": 0.254273222734623}
{"date": "2025-09-11", "channel": "Other", "views": 274832.0, "revenue": 12451.400000000001, "ad_spend": 389.73, "orders": 132.0, "clicks": 0.0, "mer": 31.948785056321046, "roas": 31.948785056321046, "cac": 2.9525, "aov": 94.32878787878789, "rpm": 45.305495721022304, "ctr": 0.0, "share": 0.7457267772653771}
{"date": "2025-09-12", "channel": "Other", "views": 332330.0, "revenue": 6439.81, "ad_spend": 1455.94, "orders": 75.0, "clicks": 0.0, "mer": 4.423128700358531, "roas": 4.423128700358531, "cac": 19.412533333333332, "aov": 85.86413333333334, "rpm": 19.37775704871664, "ctr": 0.0, "share": 0.7449276334662829}
{"date": "2025-09-12", "channel": "19454245.0", "views": 47361.0, "revenue": 2205.07, "ad_spend": 0.0, "orders": 4074.3, "clicks": 0.0, "mer": Infinity, "roas": Infinity, "cac": 0.0, "aov": 0.5412144417445942, "rpm": 46.55877198538882, "ctr": 0.0, "share": 0.25507236653371707}
{"date": "2025-09-13", "channel": "Other", "views": 196014.0, "revenue": 10289.6, "ad_spend": 1043.05, "orders": 129.0, "clicks": 0.0, "mer": 9.864915392358949, "roas": 9.864915392358949, "cac": 8.085658914728683, "aov": 79.76434108527133, "rpm": 52.49420959727367, "ctr": 0.0, "share": 0.7429839800938983}
{"date": "2025-09-13", "channel": "27235943.0", "views": 0.0, "revenue": 3559.42, "ad_spend": 0.0, "orders": 6341.52, "clicks": 0.0, "mer": Infinity, "roas": Infinity, "cac": 0.0, "aov": 0.5612881454288562, "rpm": null, "ctr": null, "share": 0.2570160199061017}
{"date": "2025-09-14", "channel": "7781698.0", "views": 56741.0, "revenue": 4190.15, "ad_spend": 0.0, "orders": 7148.3, "clicks": 0.0, "mer": Infinity, "roas": Infinity, "cac": 0.0, "aov": 0.5861743351566105, "rpm": 73.84695370190866, "ctr": 0.0, "share": 0.259538793156845}
{"date": "2025-09-14", "channel": "Other", "views": 272263.0, "revenue": 11954.449999999999, "ad_spend": 866.93, "orders": 132.0, "clicks": 0.0, "mer": 13.78940629577936, "roas": 13.78940629577936, "cac": 6.567651515151515, "aov": 90.56401515151515, "rpm": 43.907728923871396, "ctr": 0.0, "share": 0.740461206843155}
{"date": "2025-09-15", "channel": "7781698.0", "views": 62778.0, "revenue": 3229.56, "ad_spend": 0.0, "orders": 6336.68, "clicks": 0.0, "mer": Infinity, "roas": Infinity, "cac": 0.0, "aov": 0.5096612106023974, "rpm": 51.44413648093281, "ctr": 0.0, "share": 0.25729466004992035}
{"date": "2025-09-15", "channel": "Other", "views": 254703.0, "revenue": 9322.43, "ad_spend": 735.15, "orders": 93.0, "clicks": 0.0, "mer": 12.680990274093723, "roas": 12.680990274093723, "cac": 7.904838709677419, "aov": 100.24118279569893, "rpm": 36.60117862765652, "ctr": 0.0, "share": 0.7427053399500797}
{"date": "2025-09-16", "channel": "7781698.0", "views": 13513.0, "revenue": 2337.17, "ad_spend": 0.0, "orders": 4365.54, "clicks": 0.0, "mer": Infinity, "roas": Infinity, "cac": 0.0, "aov": 0.5353679040851762, "rpm": 172.95715237179013, "ctr": 0.0, "share": 0.25419826239792565}
{"date": "2025-09-16", "channel": "Other", "views": 159083.0, "revenue": 6857.110000000001, "ad_spend": 515.93, "orders": 69.0, "clicks": 0.0, "mer": 13.290775880448901, "roas": 13.290775880448901, "cac": 7.4772463768115935, "aov": 99.37840579710146, "rpm": 43.1039771691507, "ctr": 0.0, "share": 0.7458017376020744}
{"date": "2025-09-17", "channel": "7781698.0", "views": 0.0, "revenue": 3647.52, "ad_spend": 0.0, "orders": 7028.06, "clicks": 0.0, "mer": Infinity, "roas": Infinity, "cac": 0.0, "aov": 0.5189938617484768, "rpm": null, "ctr": null, "share": 0.25446293093645334}
{"date": "2025-09-17", "channel": "Other", "views": 129105.0, "revenue": 10686.67, "ad_spend": 615.43, "orders": 111.0, "clicks": 0.0, "mer": 17.364558113839106, "roas": 17.364558113839106, "cac": 5.544414414414414, "aov": 96.27630630630631, "rpm": 82.77502807792108, "ctr": 0.0, "share": 0.7455370690635467}
{"date": "2025-09-18", "channel": "15563396.0", "views": 22176.0, "revenue": 2447.08, "ad_spend": 0.0, "orders": 4338.62, "clicks": 0.0, "mer": Infinity, "roas": Infinity, "cac": 0.0, "aov": 0.5640226615836372, "rpm": 110.3481240981241, "ctr": 0.0, "share": 0.2573016281918501}
{"date": "2025-09-18", "channel": "Other", "views": 140347.0, "revenue": 7063.469999999999, "ad_spend": 661.75, "orders": 81.0, "clicks": 0.0, "mer": 10.67392519833774, "roas": 10.67392519833774, "cac": 8.169753086419753, "aov": 87.20333333333332, "rpm": 50.3286140779639, "ctr": 0.0, "share": 0.7426983718081499}
{"date": "2025-09-19", "channel": "Other", "views": 144204.0, "revenue": 6167.0599999999995, "ad_spend": 623.38, "orders": 66.0, "clicks": 0.0, "mer": 9.892938496583144, "roas": 9.892938496583144, "cac": 9.445151515151515, "aov": 93.44030303030303, "rpm": 42.76622007711297, "ctr": 0.0, "share": 0.7484223454141221}
{"date": "2025-09-19", "channel": "3890849.0", "views": 22326.0, "revenue": 2073.02, "ad_spend": 0.0, "orders": 4042.04, "clicks": 0.0, "mer": Infinity, "roas": Infinity, "cac": 0.0, "aov": 0.5128647910461054, "rpm": 92.85227985308609, "ctr": 0.0, "share": 0.25157765458587783}
{"date": "2025-09-20", "channel": "15563396.0", "views": 0.0, "revenue": 3355.86, "ad_spend": 0.0, "orders": 6317.3, "clicks": 0.0, "mer": Infinity, "roas": Infinity, "cac": 0.0, "aov": 0.5312174504930904, "rpm": null, "ctr": null, "share": 0.25372763062490217}
{"date": "2025-09-20", "channel": "Other", "views": 136357.0, "revenue": 9870.37, "ad_spend": 605.25, "orders": 96.0, "clicks": 0.0, "mer": 16.30792234613796, "roas": 16.30792234613796, "cac": 6.3046875, "aov": 102.81635416666667, "rpm": 72.38623613015834, "ctr": 0.0, "share": 0.7462723693750978}
{"date": "2025-09-21", "channel": "15563396.0", "views": 60389.0, "revenue": 3934.27, "ad_spend": 0.0, "orders": 7526.94, "clicks": 0.0, "mer": Infinity, "roas": Infinity, "cac": 0.0, "aov": 0.5226918243004461, "rpm": 65.14878537481992, "ctr": 0.0, "share": 0.2527431088224033}
{"date": "2025-09-21", "channel": "Other", "views": 223403.0, "revenue": 11632.01, "ad_spend": 637.97, "orders": 126.0, "clicks": 0.0, "mer": 18.232847939558287, "roas": 18.232847939558287, "cac": 5.063253968253968, "aov": 92.31753968253969, "rpm": 52.06738495006781, "ctr": 0.0, "share": 0.7472568911775966}
{"date": "2025-09-22", "channel": "0.0", "views": 113364.0, "revenue": 3563.43, "ad_spend": 0.0, "orders": 4541.48, "clicks": 0.0, "mer": Infinity, "roas": Infinity, "cac": 0.0, "aov": 0.7846406898191779, "rpm": 31.433523870011644, "ctr": 0.0, "share": 0.2559267949521784}
{"date": "2025-09-22", "channel": "Other", "views": 279905.0, "revenue": 10360.2, "ad_spend": 551.15, "orders": 105.0, "clicks": 0.0, "mer": 18.79742356890139, "roas": 18.79742356890139, "cac": 5.2490476190476185, "aov": 98.66857142857144, "rpm": 37.01327236026509, "ctr": 0.0, "share": 0.7440732050478216}
{"date": "2025-09-23", "channel": "Nan", "views": 28296.0, "revenue": 2651.27, "ad_spend": 0.0, "orders": 0.0, "clicks": 0.0, "mer": Infinity, "roas": Infinity, "cac": null, "aov": null, "rpm": 93.69769578739044, "ctr": 0.0, "share": 0.2659125055413692}
{"date": "2025-09-23", "channel": "Other", "views": 196061.0, "revenue": 7319.1900000000005, "ad_spend": 519.23, "orders": 69.0, "clicks": 0.0, "mer": 14.096238661094313, "roas": 14.096238661094313, "cac": 7.525072463768116, "aov": 106.07521739130435, "rpm": 37.33118774259032, "ctr": 0.0, "share": 0.7340874944586308}
{"date": "2025-09-24", "channel": "Nan", "views": 0.0, "revenue": 1519.09, "ad_spend": 0.0, "orders": 0.0, "clicks": 0.0, "mer": Infinity, "roas": Infinity, "cac": null, "aov": null, "rpm": null, "ctr": null, "share": 0.2575095437316499}
{"date": "2025-09-24", "channel": "Other", "views": 0.0, "revenue": 4380.07, "ad_spend": 284.09, "orders": 51.0, "clicks": 0.0, "mer": 15.41789573726636, "roas": 15.41789573726636, "cac": 5.570392156862745, "aov": 85.88372549019607, "rpm": null, "ctr": null, "share": 0.7424904562683501}
