{"date": "2025-06-21", "channel": "0.0", "creative_id": null, "views": 0.0, "revenue": 0.0, "clicks": 0.0, "ad_spend": 0.0, "mer": null, "roas": null, "rpm": null, "ctr": null, "share": null}
{"date": "2025-06-23", "channel": "0.0", "creative_id": null, "views": 0.0, "revenue": 0.0, "clicks": 0.0, "ad_spend": 0.0, "mer": null, "roas": null, "rpm": null, "ctr": null, "share": null}
{"date": "2025-06-24", "channel": "0.0", "creative_id": null, "views": 0.0, "revenue": 0.0, "clicks": 0.0, "ad_spend": 0.0, "mer": null, "roas": null, "rpm": null, "ctr": null, "share": null}
{"date": "2025-06-25", "channel": "0.0", "creative_id": null, "views": 0.0, "revenue": 0.0, "clicks": 0.0, "ad_spend": 0.0, "mer": null, "roas": null, "rpm": null, "ctr": null, "share": null}
{"date": "2025-06-26", "channel": "0.0", "creative_id": null, "views": 0.0, "revenue": 384.0, "clicks": 0.0, "ad_spend": 0.0, "mer": Infinity, "roas": Infinity, "rpm": null, "ctr": null, "share": 1.0}
{"date": "2025-06-27", "channel": "Nan", "creative_id": null, "views": 0.0, "revenue": 0.0, "clicks": 0.0, "ad_spend": 0.0, "mer": null, "roas": null, "rpm": null, "ctr": null, "share": null}
{"date": "2025-06-28", "channel": "Nan", "creative_id": null, "views": 0.0, "revenue": 0.0, "clicks": 0.0, "ad_spend": 0.0, "mer": null, "roas": null, "rpm": null, "ctr": null, "share": null}
{"date": "2025-06-29", "channel": "0.0", "creative_id": 1.830902542621227e+16, "views": 38104.0, "revenue": 272.0, "clicks": 0.0, "ad_spend": 0.0, "mer": Infinity, "roas": Infinity, "rpm": 7.138358177619148, "ctr": 0.0, "share": 1.0}
{"date": "2025-06-29", "channel": "Other", "creative_id": 1.830902542621227e+16, "views": 19052.0, "revenue": 0.0, "clicks": 0.0, "ad_spend": 0.0, "mer": null, "roas": null, "rpm": 0.0, "ctr": 0.0, "share": null}
{"date": "2025-06-30", "channel": "Other", "creative_id": 1.8071890531789704e+16, "views": 300899.0, "revenue": 0.0, "clicks": 0.0, "ad_spend": 0.0, "mer": null, "roas": null, "rpm": 0.0, "ctr": 0.0, "share": null}
{"date": "2025-06-30", "channel": "0.0", "creative_id": 1.8071890531789704e+16, "views": 601798.0, "revenue": 136.0, "clicks": 0.0, "ad_spend": 0.0, "mer": Infinity, "roas": Infinity, "rpm": 0.22598945161000866, "ctr": 0.0, "share": 1.0}
{"date": "2025-07-01", "channel": "0.0", "creative_id": 3.584069359223337e+16, "views": 756944.0, "revenue": 544.0, "clicks": 0.0, "ad_spend": 0.0, "mer": Infinity, "roas": Infinity, "rpm": 0.7186793210594179, "ctr": 0.0, "share": 1.0}
{"date": "2025-07-01", "channel": "Other", "creative_id": 3.5840693592233372e+16, "views": 378472.0, "revenue": 0.0, "clicks": 0.0, "ad_spend": 0.0, "mer": null, "roas": null, "rpm": 0.0, "ctr": 0.0, "share": null}
{"date": "2025-07-02", "channel": "0.0", "creative_id": 1.80295767176916e+16, "views": 7190.0, "revenue": 408.0, "clicks": 0.0, "ad_spend": 0.0, "mer": Infinity, "roas": Infinity, "rpm": 56.74547983310153, "ctr": 0.0, "share": 1.0}
{"date": "2025-07-02", "channel": "Other", "creative_id": 1.80295767176916e+16, "views": 3595.0, "revenue": 0.0, "clicks": 0.0, "ad_spend": 0.0, "mer": null, "roas": null, "rpm": 0.0, "ctr": 0.0, "share": null}
{"date": "2025-07-03", "channel": "0.0", "creative_id": 7.205445146729416e+16, "views": 79866.0, "revenue": 2712.0, "clicks": 0.0, "ad_spend": 0.0, "mer": Infinity, "roas": Infinity, "rpm": 33.956877770265194, "ctr": 0.0, "share": 1.0}
{"date": "2025-07-03", "channel": "Other", "creative_id": 7.205445146729416e+16, "views": 39933.0, "revenue": 0.0, "clicks": 0.0, "ad_spend": 0.0, "mer": null, "roas": null, "rpm": 0.0, "ctr": 0.0, "share": null}
{"date": "2025-07-04", "channel": "0.0", "creative_id": 5.405284419424959e+16, "views": 43868.0, "revenue": 1312.0, "clicks": 0.0, "ad_spend": 0.0, "mer": Infinity, "roas": Infinity, "rpm": 29.907905534786178, "ctr": 0.0, "share": 1.0}
{"date": "2025-07-04", "channel": "Other", "creative_id": 5.405284419424959e+16, "views": 21934.0, "revenue": 0.0, "clicks": 0.0, "ad_spend": 0.0, "mer": null, "roas": null, "rpm": 0.0, "ctr": 0.0, "share": null}
{"date": "2025-07-05", "channel": "Other", "creative_id": 3.596589435876477e+16, "views": 6066.0, "revenue": 0.0, "clicks": 0.0, "ad_spend": 0.0, "mer": null, "roas": null, "rpm": 0.0, "ctr": 0.0, "share": null}
{"date": "2025-07-05", "channel": "3890849.0", "creative_id": 3.596589435876477e+16, "views": 12132.0, "revenue": 1016.0, "clicks": 0.0, "ad_spend": 0.0, "mer": Infinity, "roas": Infinity, "rpm": 83.74546653478404, "ctr": 0.0, "share": 1.0}
{"date": "2025-07-06", "channel": "0.0", "creative_id": 1.2693903827835622e+17, "views": 489874.0, "revenue": 3912.0, "clicks": 0.0, "ad_spend": 0.0, "mer": Infinity, "roas": Infinity, "rpm": 7.9857269420299914, "ctr": 0.0, "share": 1.0}
{"date": "2025-07-06", "channel": "Other", "creative_id": 1.2693903827835622e+17, "views": 244937.0, "revenue": 0.0, "clicks": 0.0, "ad_spend": 0.0, "mer": null, "roas": null, "rpm": 0.0, "ctr": 0.0, "share": null}
{"date": "2025-07-07", "channel": "0.0", "creative_id": 1.6265611375479798e+17, "views": 1061690.0, "revenue": 3256.0, "clicks": 0.0, "ad_spend": 0.0, "mer": Infinity, "roas": Infinity, "rpm": 3.0668085787753485, "ctr": 0.0, "share": 1.0}
{"date": "2025-07-07", "channel": "Other", "creative_id": 1.6265611375479798e+17, "views": 530845.0, "revenue": 0.0, "clicks": 0.0, "ad_spend": 0.0, "mer": null, "roas": null, "rpm": 0.0, "ctr": 0.0, "share": null}
{"date": "2025-07-08", "channel": "0.0", "creative_id": 1.0839660588598246e+17, "views": 1618202.0, "revenue": 2489.0, "clicks": 0.0, "ad_spend": 0.0, "mer": Infinity, "roas": Infinity, "rpm": 1.5381268840354911, "ctr": 0.0, "share": 1.0}
{"date": "2025-07-08", "channel": "Other", "creative_id": 1.0839660588598246e+17, "views": 809101.0, "revenue": 0.0, "clicks": 0.0, "ad_spend": 0.0, "mer": null, "roas": null, "rpm": 0.0, "ctr": 0.0, "share": null}
{"date": "2025-07-09", "channel": "3890849.0", "creative_id": 9.056155802502486e+16, "views": 996712.0, "revenue": 6736.0, "clicks": 0.0, "ad_spend": 0.0, "mer": Infinity, "roas": Infinity, "rpm": 6.758221030749103, "ctr": 0.0, "share": 1.0}
{"date": "2025-07-09", "channel": "Other", "creative_id": 9.056155802502486e+16, "views": 498356.0, "revenue": 0.0, "clicks": 0.0, "ad_spend": 0.0, "mer": null, "roas": null, "rpm": 0.0, "ctr": 0.0, "share": null}
{"date": "2025-07-10", "channel": "Other", "creative_id": 1.0855600541327586e+17, "views": 683337.0, "revenue": 0.0, "clicks": 0.0, "ad_spend": 0.0, "mer": null, "roas": null, "rpm": 0.0, "ctr": 0.0, "share": null}
{"date": "2025-07-10", "channel": "7781698.0", "creative_id": 1.0855600541327586e+17, "views": 1366674.0, "revenue": 10176.94, "clicks": 0.0, "ad_spend": 0.0, "mer": Infinity, "roas": Infinity, "rpm": 7.446501506577282, "ctr": 0.0, "share": 1.0}
{"date": "2025-07-11", "channel": "7781698.0", "creative_id": 7.210195181701691e+16, "views": 240558.0, "revenue": 14456.04, "clicks": 0.0, "ad_spend": 0.0, "mer": Infinity, "roas": Infinity, "rpm": 60.09378195695009, "ctr": 0.0, "share": 1.0}
{"date": "2025-07-11", "channel": "Other", "creative_id": 7.210195181701691e+16, "views": 120279.0, "revenue": 0.0, "clicks": 0.0, "ad_spend": 0.0, "mer": null, "roas": null, "rpm": 0.0, "ctr": 0.0, "share": null}
{"date": "2025-07-12", "channel": "7781698.0", "creative_id": 9.093938279671136e+16, "views": 251199.0, "revenue": 5069.18, "clicks": 0.0, "ad_spend": 0.0, "mer": Infinity, "roas": Infinity, "rpm": 20.179937022042285, "ctr": 0.0, "share": 1.0}
{"date": "2025-07-12", "channel": "Other", "creative_id": 9.093938279671136e+16, "views": 251199.0, "revenue": 0.0, "clicks": 0.0, "ad_spend": 0.0, "mer": null, "roas": null, "rpm": 0.0, "ctr": 0.0, "share": null}
{"date": "2025-07-13", "channel": "3890849.0", "creative_id": 5.400281467100012e+16, "views": 327991.0, "revenue": 5030.43, "clicks": 0.0, "ad_spend": 0.0, "mer": Infinity, "roas": Infinity, "rpm": 15.337097664265178, "ctr": 0.0, "share": 1.0}
{"date": "2025-07-13", "channel": "Other", "creative_id": 5.400281467100012e+16, "views": 327991.0, "revenue": 0.0, "clicks": 0.0, "ad_spend": 0.0, "mer": null, "roas": null, "rpm": 0.0, "ctr": 0.0, "share": null}
{"date": "2025-07-14", "channel": "11672547.0", "creative_id": 1.0830834262280934e+17, "views": 56070.0, "revenue": 3782.87, "clicks": 0.0, "ad_spend": 0.0, "mer": Infinity, "roas": Infinity, "rpm": 67.4669163545568, "ctr": 0.0, "share": 1.0}
{"date": "2025-07-14", "channel": "Other", "creative_id": 1.0830834262280934e+17, "views": 56070.0, "revenue": 0.0, "clicks": 0.0, "ad_spend": 0.0, "mer": null, "roas": null, "rpm": 0.0, "ctr": 0.0, "share": null}
{"date": "2025-07-15", "channel": "Other", "creative_id": 7.257519988954459e+16, "views": 89924.0, "revenue": 0.0, "clicks": 0.0, "ad_spend": 0.0, "mer": null, "roas": null, "rpm": 0.0, "ctr": 0.0, "share": null}
{"date": "2025-07-15", "channel": "7781698.0", "creative_id": 7.257519988954459e+16, "views": 89924.0, "revenue": 5081.59, "clicks": 0.0, "ad_spend": 0.0, "mer": Infinity, "roas": Infinity, "rpm": 56.50983052355322, "ctr": 0.0, "share": 1.0}
{"date": "2025-07-16", "channel": "7781698.0", "creative_id": 1.0780958680724742e+17, "views": 377584.0, "revenue": 4425.91, "clicks": 0.0, "ad_spend": 0.0, "mer": Infinity, "roas": Infinity, "rpm": 11.721656637993135, "ctr": 0.0, "share": 1.0}
{"date": "2025-07-16", "channel": "Other", "creative_id": 1.0780958680724742e+17, "views": 377584.0, "revenue": 0.0, "clicks": 0.0, "ad_spend": 0.0, "mer": null, "roas": null, "rpm": 0.0, "ctr": 0.0, "share": null}
{"date": "2025-07-17", "channel": "11672547.0", "creative_id": 1.26101870525283e+17, "views": 44023.0, "revenue": 4554.14, "clicks": 0.0, "ad_spend": 0.0, "mer": Infinity, "roas": Infinity, "rpm": 103.44910614905845, "ctr": 0.0, "share": 1.0}
{"date": "2025-07-17", "channel": "Other", "creative_id": 1.26101870525283e+17, "views": 44023.0, "revenue": 0.0, "clicks": 0.0, "ad_spend": 0.0, "mer": null, "roas": null, "rpm": 0.0, "ctr": 0.0, "share": null}
{"date": "2025-07-18", "channel": "15563396.0", "creative_id": 5.466297055378157e+16, "views": 349620.0, "revenue": 7176.91, "clicks": 0.0, "ad_spend": 0.0, "mer": Infinity, "roas": Infinity, "rpm": 20.527744408214634, "ctr": 0.0, "share": 1.0}
{"date": "2025-07-18", "channel": "Other", "creative_id": 5.466297055378157e+16, "views": 349620.0, "revenue": 0.0, "clicks": 0.0, "ad_spend": 0.0, "mer": null, "roas": null, "rpm": 0.0, "ctr": 0.0, "share": null}
{"date": "2025-07-19", "channel": "11672547.0", "creative_id": 3.619846946720389e+16, "views": 28257.0, "revenue": 6672.11, "clicks": 0.0, "ad_spend": 0.0, "mer": Infinity, "roas": Infinity, "rpm": 236.12237675620202, "ctr": 0.0, "share": 1.0}
{"date": "2025-07-19", "channel": "Other", "creative_id": 3.619846946720389e+16, "views": 28257.0, "revenue": 0.0, "clicks": 0.0, "ad_spend": 0.0, "mer": null, "roas": null, "rpm": 0.0, "ctr": 0.0, "share": null}
{"date": "2025-07-20", "channel": "Other", "creative_id": 5.443675611980878e+16, "views": 27357.0, "revenue": 0.0, "clicks": 0.0, "ad_spend": 0.0, "mer": null, "roas": null, "rpm": 0.0, "ctr": 0.0, "share": null}
{"date": "2025-07-20", "channel": "7781698.0", "creative_id": 5.443675611980878e+16, "views": 27357.0, "revenue": 7258.12, "clicks": 0.0, "ad_spend": 0.0, "mer": Infinity, "roas": Infinity, "rpm": 265.31125488905946, "ctr": 0.0, "share": 1.0}
{"date": "2025-07-21", "channel": "3890849.0", "creative_id": 3.5769439296522296e+16, "views": 22391.0, "revenue": 6907.65, "clicks": 0.0, "ad_spend": 0.0, "mer": Infinity, "roas": Infinity, "rpm": 308.50118351123217, "ctr": 0.0, "share": 1.0}
{"date": "2025-07-21", "channel": "Other", "creative_id": 3.5769439296522296e+16, "views": 22391.0, "revenue": 0.0, "clicks": 0.0, "ad_spend": 0.0, "mer": null, "roas": null, "rpm": 0.0, "ctr": 0.0, "share": null}
{"date": "2025-07-22", "channel": "11672547.0", "creative_id": 9.063563179231776e+16, "views": 958434.0, "revenue": 5403.55, "clicks": 0.0, "ad_spend": 0.0, "mer": Infinity, "roas": Infinity, "rpm": 5.637894732448974, "ctr": 0.0, "share": 1.0}
{"date": "2025-07-22", "channel": "Other", "creative_id": 9.063563179231776e+16, "views": 958434.0, "revenue": 0.0, "clicks": 0.0, "ad_spend": 0.0, "mer": null, "roas": null, "rpm": 0.0, "ctr": 0.0, "share": null}
{"date": "2025-07-23", "channel": "7781698.0", "creative_id": 3.6148582896872456e+16, "views": 26121.0, "revenue": 6005.61, "clicks": 0.0, "ad_spend": 0.0, "mer": Infinity, "roas": Infinity, "rpm": 229.91501091076145, "ctr": 0.0, "share": 1.0}
{"date": "2025-07-23", "channel": "Other", "creative_id": 3.6148582896872456e+16, "views": 26121.0, "revenue": 0.0, "clicks": 0.0, "ad_spend": 0.0, "mer": null, "roas": null, "rpm": 0.0, "ctr": 0.0, "share": null}
{"date": "2025-07-24", "channel": "19454245.0", "creative_id": 7.23881370705448e+16, "views": 43712.0, "revenue": 7355.77, "clicks": 0.0, "ad_spend": 0.0, "mer": Infinity, "roas": Infinity, "rpm": 168.2780472181552, "ctr": 0.0, "share": 1.0}
{"date": "2025-07-24", "channel": "Other", "creative_id": 7.23881370705448e+16, "views": 43712.0, "revenue": 0.0, "clicks": 0.0, "ad_spend": 0.0, "mer": null, "roas": null, "rpm": 0.0, "ctr": 0.0, "share": null}
{"date": "2025-07-25", "channel": "Other", "creative_id": 3.597722946218373e+16, "views": 95077.0, "revenue": 0.0, "clicks": 0.0, "ad_spend": 0.0, "mer": null, "roas": null, "rpm": 0.0, "ctr": 0.0, "share": null}
{"date": "2025-07-25", "channel": "11672547.0", "creative_id": 3.597722946218373e+16, "views": 95077.0, "revenue": 9617.56, "clicks": 0.0, "ad_spend": 0.0, "mer": Infinity, "roas": Infinity, "rpm": 101.1554845020352, "ctr": 0.0, "share": 1.0}
{"date": "2025-07-26", "channel": "7781698.0", "creative_id": 1.817747725033028e+16, "views": 10016.0, "revenue": 6466.41, "clicks": 0.0, "ad_spend": 0.0, "mer": Infinity, "roas": Infinity, "rpm": 645.6080271565495, "ctr": 0.0, "share": 1.0}
{"date": "2025-07-26", "channel": "Other", "creative_id": 1.817747725033028e+16, "views": 10016.0, "revenue": 0.0, "clicks": 0.0, "ad_spend": 0.0, "mer": null, "roas": null, "rpm": 0.0, "ctr": 0.0, "share": null}
{"date": "2025-07-27", "channel": "23345094.0", "creative_id": 3.592121360703669e+16, "views": 153951.0, "revenue": 5837.03, "clicks": 0.0, "ad_spend": 0.0, "mer": Infinity, "roas": Infinity, "rpm": 37.91485602561854, "ctr": 0.0, "share": 1.0}
{"date": "2025-07-27", "channel": "Other", "creative_id": 3.5921213607036692e+16, "views": 153951.0, "revenue": 0.0, "clicks": 0.0, "ad_spend": 0.0, "mer": null, "roas": null, "rpm": 0.0, "ctr": 0.0, "share": null}
{"date": "2025-07-28", "channel": "0.0", "creative_id": 1.8048936110241104e+16, "views": 37668.0, "revenue": 5869.24, "clicks": 0.0, "ad_spend": 0.0, "mer": Infinity, "roas": Infinity, "rpm": 155.81501539768504, "ctr": 0.0, "share": 1.0}
{"date": "2025-07-28", "channel": "Other", "creative_id": 1.8048936110241104e+16, "views": 37668.0, "revenue": 0.0, "clicks": 0.0, "ad_spend": 0.0, "mer": null, "roas": null, "rpm": 0.0, "ctr": 0.0, "share": null}
{"date": "2025-07-29", "channel": "Other", "creative_id": 1.807355242096513e+16, "views": 70538.0, "revenue": 0.0, "clicks": 0.0, "ad_spend": 0.0, "mer": null, "roas": null, "rpm": 0.0, "ctr": 0.0, "share": null}
{"date": "2025-07-29", "channel": "11672547.0", "creative_id": 1.807355242096513e+16, "views": 70538.0, "revenue": 4969.45, "clicks": 0.0, "ad_spend": 0.0, "mer": Infinity, "roas": Infinity, "rpm": 70.4506790666024, "ctr": 0.0, "share": 1.0}
{"date": "2025-07-30", "channel": "23345094.0", "creative_id": 3.639478936632322e+16, "views": 55651.0, "revenue": 6026.54, "clicks": 0.0, "ad_spend": 0.0, "mer": Infinity, "roas": Infinity, "rpm": 108.29167490251747, "ctr": 0.0, "share": 1.0}
{"date": "2025-07-30", "channel": "Other", "creative_id": 3.639478936632322e+16, "views": 55651.0, "revenue": 0.0, "clicks": 0.0, "ad_spend": 0.0, "mer": null, "roas": null, "rpm": 0.0, "ctr": 0.0, "share": null}
{"date": "2025-07-31", "channel": "7781698.0", "creative_id": 1.7886663126201768e+16, "views": 16978.0, "revenue": 4674.98, "clicks": 0.0, "ad_spend": 0.0, "mer": Infinity, "roas": Infinity, "rpm": 275.3551655083049, "ctr": 0.0, "share": 1.0}
{"date": "2025-07-31", "channel": "Other", "creative_id": 1.7886663126201768e+16, "views": 16978.0, "revenue": 0.0, "clicks": 0.0, "ad_spend": 0.0, "mer": null, "roas": null, "rpm": 0.0, "ctr": 0.0, "share": null}
{"date": "2025-08-01", "channel": "19454245.0", "creative_id": null, "views": 0.0, "revenue": 6892.93, "clicks": 0.0, "ad_spend": 0.0, "mer": Infinity, "roas": Infinity, "rpm": null, "ctr": null, "share": 1.0}
{"date": "2025-08-02", "channel": "11672547.0", "creative_id": null, "views": 0.0, "revenue": 5650.57, "clicks": 0.0, "ad_spend": 0.0, "mer": Infinity, "roas": Infinity, "rpm": null, "ctr": null, "share": 1.0}
{"date": "2025-08-03", "channel": "Other", "creative_id": 1.8301638790223064e+16, "views": 19189.0, "revenue": 0.0, "clicks": 0.0, "ad_spend": 0.0, "mer": null, "roas": null, "rpm": 0.0, "ctr": 0.0, "share": null}
{"date": "2025-08-03", "channel": "11672547.0", "creative_id": 1.8301638790223064e+16, "views": 19189.0, "revenue": 5362.75, "clicks": 0.0, "ad_spend": 0.0, "mer": Infinity, "roas": Infinity, "rpm": 279.4700088592423, "ctr": 0.0, "share": 1.0}
{"date": "2025-08-04", "channel": "11672547.0", "creative_id": null, "views": 0.0, "revenue": 5717.27, "clicks": 0.0, "ad_spend": 0.0, "mer": Infinity, "roas": Infinity, "rpm": null, "ctr": null, "share": 1.0}
{"date": "2025-08-05", "channel": "Other", "creative_id": 1.827831504430296e+16, "views": 16591.0, "revenue": 0.0, "clicks": 0.0, "ad_spend": 0.0, "mer": null, "roas": null, "rpm": 0.0, "ctr": 0.0, "share": null}
{"date": "2025-08-05", "channel": "7781698.0", "creative_id": 1.827831504430296e+16, "views": 16591.0, "revenue": 4255.29, "clicks": 0.0, "ad_spend": 0.0, "mer": Infinity, "roas": Infinity, "rpm": 256.48182749683565, "ctr": 0.0, "share": 1.0}
{"date": "2025-08-06", "channel": "7781698.0", "creative_id": null, "views": 0.0, "revenue": 4561.91, "clicks": 0.0, "ad_spend": 0.0, "mer": Infinity, "roas": Infinity, "rpm": null, "ctr": null, "share": 1.0}
{"date": "2025-08-07", "channel": "11672547.0", "creative_id": null, "views": 0.0, "revenue": 4549.8, "clicks": 0.0, "ad_spend": 0.0, "mer": Infinity, "roas": Infinity, "rpm": null, "ctr": null, "share": 1.0}
{"date": "2025-08-08", "channel": "11672547.0", "creative_id": null, "views": 0.0, "revenue": 4609.0, "clicks": 0.0, "ad_spend": 0.0, "mer": Infinity, "roas": Infinity, "rpm": null, "ctr": null, "share": 1.0}
{"date": "2025-08-09", "channel": "7781698.0", "creative_id": 1.801585460076588e+16, "views": 23459.0, "revenue": 4356.86, "clicks": 0.0, "ad_spend": 0.0, "mer": Infinity, "roas": Infinity, "rpm": 185.7223240547338, "ctr": 0.0, "share": 1.0}
{"date": "2025-08-09", "channel": "Other", "creative_id": 1.8015854600765876e+16, "views": 23459.0, "revenue": 0.0, "clicks": 0.0, "ad_spend": 0.0, "mer": null, "roas": null, "rpm": 0.0, "ctr": 0.0, "share": null}
{"date": "2025-08-10", "channel": "7781698.0", "creative_id": null, "views": 0.0, "revenue": 4195.52, "clicks": 0.0, "ad_spend": 0.0, "mer": Infinity, "roas": Infinity, "rpm": null, "ctr": null, "share": 1.0}
{"date": "2025-08-11", "channel": "23345094.0", "creative_id": null, "views": 0.0, "revenue": 3871.8, "clicks": 0.0, "ad_spend": 0.0, "mer": Infinity, "roas": Infinity, "rpm": null, "ctr": null, "share": 1.0}
{"date": "2025-08-12", "channel": "3890849.0", "creative_id": 3.614821659114075e+16, "views": 51040.0, "revenue": 6144.51, "clicks": 0.0, "ad_spend": 0.0, "mer": Infinity, "roas": Infinity, "rpm": 120.38616771159874, "ctr": 0.0, "share": 1.0}
{"date": "2025-08-12", "channel": "Other", "creative_id": 3.614821659114075e+16, "views": 51040.0, "revenue": 0.0, "clicks": 0.0, "ad_spend": 0.0, "mer": null, "roas": null, "rpm": 0.0, "ctr": 0.0, "share": null}
{"date": "2025-08-13", "channel": "Other", "creative_id": 9.054614791293035e+16, "views": 110313.0, "revenue": 0.0, "clicks": 0.0, "ad_spend": 0.0, "mer": null, "roas": null, "rpm": 0.0, "ctr": 0.0, "share": null}
{"date": "2025-08-13", "channel": "15563396.0", "creative_id": 9.054614791293037e+16, "views": 110313.0, "revenue": 4266.84, "clicks": 0.0, "ad_spend": 0.0, "mer": Infinity, "roas": Infinity, "rpm": 38.67939408773218, "ctr": 0.0, "share": 1.0}
{"date": "2025-08-14", "channel": "7781698.0", "creative_id": null, "views": 0.0, "revenue": 3488.69, "clicks": 0.0, "ad_spend": 0.0, "mer": Infinity, "roas": Infinity, "rpm": null, "ctr": null, "share": 1.0}
{"date": "2025-08-15", "channel": "7781698.0", "creative_id": 1.8078675499766496e+16, "views": 16546.0, "revenue": 3259.6, "clicks": 0.0, "ad_spend": 0.0, "mer": Infinity, "roas": Infinity, "rpm": 197.00229662758372, "ctr": 0.0, "share": 1.0}
{"date": "2025-08-15", "channel": "Other", "creative_id": 1.8078675499766496e+16, "views": 16546.0, "revenue": 0.0, "clicks": 0.0, "ad_spend": 0.0, "mer": null, "roas": null, "rpm": 0.0, "ctr": 0.0, "share": null}
{"date": "2025-08-16", "channel": "7781698.0", "creative_id": 1.993638726756904e+17, "views": 480097.0, "revenue": 5352.4, "clicks": 0.0, "ad_spend": 0.0, "mer": Infinity, "roas": Infinity, "rpm": 11.148580391045977, "ctr": 0.0, "share": 1.0}
{"date": "2025-08-16", "channel": "Other", "creative_id": 1.9936387267569037e+17, "views": 480097.0, "revenue": 0.0, "clicks": 0.0, "ad_spend": 0.0, "mer": null, "roas": null, "rpm": 0.0, "ctr": 0.0, "share": null}
{"date": "2025-08-17", "channel": "19454245.0", "creative_id": 1.6385970357134304e+17, "views": 337675.0, "revenue": 7327.32, "clicks": 0.0, "ad_spend": 0.0, "mer": Infinity, "roas": Infinity, "rpm": 21.699326275264678, "ctr": 0.0, "share": 1.0}
{"date": "2025-08-17", "channel": "Other", "creative_id": 1.6385970357134304e+17, "views": 337675.0, "revenue": 0.0, "clicks": 0.0, "ad_spend": 0.0, "mer": null, "roas": null, "rpm": 0.0, "ctr": 0.0, "share": null}
{"date": "2025-08-18", "channel": "15563396.0", "creative_id": 1.2604756446065982e+17, "views": 126039.0, "revenue": 4749.59, "clicks": 0.0, "ad_spend": 0.0, "mer": Infinity, "roas": Infinity, "rpm": 37.683494791294756, "ctr": 0.0, "share": 1.0}
{"date": "2025-08-18", "channel": "Other", "creative_id": 1.2604756446065982e+17, "views": 126039.0, "revenue": 0.0, "clicks": 0.0, "ad_spend": 0.0, "mer": null, "roas": null, "rpm": 0.0, "ctr": 0.0, "share": null}
{"date": "2025-08-19", "channel": "Other", "creative_id": 5.386401928808453e+16, "views": 199448.0, "revenue": 0.0, "clicks": 0.0, "ad_spend": 0.0, "mer": null, "roas": null, "rpm": 0.0, "ctr": 0.0, "share": null}
{"date": "2025-08-19", "channel": "27235943.0", "creative_id": 5.386401928808453e+16, "views": 199448.0, "revenue": 5373.95, "clicks": 0.0, "ad_spend": 0.0, "mer": Infinity, "roas": Infinity, "rpm": 26.94411575949621, "ctr": 0.0, "share": 1.0}
{"date": "2025-08-20", "channel": "23345094.0", "creative_id": 1.444608288124455e+17, "views": 168805.0, "revenue": 5924.87, "clicks": 0.0, "ad_spend": 0.0, "mer": Infinity, "roas": Infinity, "rpm": 35.0989010989011, "ctr": 0.0, "share": 1.0}
{"date": "2025-08-20", "channel": "Other", "creative_id": 1.444608288124455e+17, "views": 168805.0, "revenue": 0.0, "clicks": 0.0, "ad_spend": 0.0, "mer": null, "roas": null, "rpm": 0.0, "ctr": 0.0, "share": null}
{"date": "2025-08-21", "channel": "7781698.0", "creative_id": 9.032953579985246e+16, "views": 115622.0, "revenue": 4574.29, "clicks": 0.0, "ad_spend": 0.0, "mer": Infinity, "roas": Infinity, "rpm": 39.56245351230734, "ctr": 0.0, "share": 1.0}
{"date": "2025-08-21", "channel": "Other", "creative_id": 9.032953579985246e+16, "views": 115622.0, "revenue": 0.0, "clicks": 0.0, "ad_spend": 0.0, "mer": null, "roas": null, "rpm": 0.0, "ctr": 0.0, "share": null}
{"date": "2025-08-22", "channel": "3890849.0", "creative_id": 9.068916111388842e+16, "views": 117013.0, "revenue": 4802.77, "clicks": 0.0, "ad_spend": 0.0, "mer": Infinity, "roas": Infinity, "rpm": 41.044755710903914, "ctr": 0.0, "share": 1.0}
{"date": "2025-08-22", "channel": "Other", "creative_id": 9.068916111388842e+16, "views": 117013.0, "revenue": 0.0, "clicks": 0.0, "ad_spend": 0.0, "mer": null, "roas": null, "rpm": 0.0, "ctr": 0.0, "share": null}
{"date": "2025-08-23", "channel": "Other", "creative_id": 3.5929085861894388e+16, "views": 25309.0, "revenue": 0.0, "clicks": 0.0, "ad_spend": 0.0, "mer": null, "roas": null, "rpm": 0.0, "ctr": 0.0, "share": null}
{"date": "2025-08-23", "channel": "19454245.0", "creative_id": 3.5929085861894388e+16, "views": 25309.0, "revenue": 5518.92, "clicks": 0.0, "ad_spend": 0.0, "mer": Infinity, "roas": Infinity, "rpm": 218.06155912916353, "ctr": 0.0, "share": 1.0}
{"date": "2025-08-24", "channel": "Other", "creative_id": 3.5804524737399496e+16, "views": 43660.0, "revenue": 0.0, "clicks": 0.0, "ad_spend": 0.0, "mer": null, "roas": null, "rpm": 0.0, "ctr": 0.0, "share": null}
{"date": "2025-08-24", "channel": "23345094.0", "creative_id": 3.5804524737399496e+16, "views": 43660.0, "revenue": 5771.2, "clicks": 0.0, "ad_spend": 0.0, "mer": Infinity, "roas": Infinity, "rpm": 132.18506642235457, "ctr": 0.0, "share": 1.0}
{"date": "2025-08-25", "channel": "11672547.0", "creative_id": 3.616621193813132e+16, "views": 56341.0, "revenue": 5295.95, "clicks": 0.0, "ad_spend": 0.0, "mer": Infinity, "roas": Infinity, "rpm": 93.99815409737137, "ctr": 0.0, "share": 1.0}
{"date": "2025-08-25", "channel": "Other", "creative_id": 3.616621193813132e+16, "views": 56341.0, "revenue": 0.0, "clicks": 0.0, "ad_spend": 0.0, "mer": null, "roas": null, "rpm": 0.0, "ctr": 0.0, "share": null}
{"date": "2025-08-26", "channel": "11672547.0", "creative_id": null, "views": 0.0, "revenue": 3837.93, "clicks": 0.0, "ad_spend": 0.0, "mer": Infinity, "roas": Infinity, "rpm": null, "ctr": null, "share": 1.0}
{"date": "2025-08-27", "channel": "11672547.0", "creative_id": null, "views": 0.0, "revenue": 3229.38, "clicks": 0.0, "ad_spend": 0.0, "mer": Infinity, "roas": Infinity, "rpm": null, "ctr": null, "share": 1.0}
{"date": "2025-08-28", "channel": "11672547.0", "creative_id": null, "views": 0.0, "revenue": 4122.16, "clicks": 0.0, "ad_spend": 0.0, "mer": Infinity, "roas": Infinity, "rpm": null, "ctr": null, "share": 1.0}
{"date": "2025-08-29", "channel": "23345094.0", "creative_id": 3.631555399623475e+16, "views": 17550.0, "revenue": 4798.04, "clicks": 0.0, "ad_spend": 0.0, "mer": Infinity, "roas": Infinity, "rpm": 273.3925925925926, "ctr": 0.0, "share": 1.0}
{"date": "2025-08-29", "channel": "Other", "creative_id": 3.631555399623475e+16, "views": 17550.0, "revenue": 0.0, "clicks": 0.0, "ad_spend": 0.0, "mer": null, "roas": null, "rpm": 0.0, "ctr": 0.0, "share": null}
{"date": "2025-08-30", "channel": "Other", "creative_id": 1.7855446047455308e+16, "views": 19618.0, "revenue": 0.0, "clicks": 0.0, "ad_spend": 0.0, "mer": null, "roas": null, "rpm": 0.0, "ctr": 0.0, "share": null}
{"date": "2025-08-30", "channel": "15563396.0", "creative_id": 1.7855446047455308e+16, "views": 19618.0, "revenue": 5695.1, "clicks": 0.0, "ad_spend": 0.0, "mer": Infinity, "roas": Infinity, "rpm": 290.29972474258335, "ctr": 0.0, "share": 1.0}
{"date": "2025-08-31", "channel": "19454245.0", "creative_id": null, "views": 0.0, "revenue": 3814.02, "clicks": 0.0, "ad_spend": 0.0, "mer": Infinity, "roas": Infinity, "rpm": null, "ctr": null, "share": 1.0}
{"date": "2025-09-01", "channel": "11672547.0", "creative_id": null, "views": 0.0, "revenue": 4778.16, "clicks": 0.0, "ad_spend": 0.0, "mer": Infinity, "roas": Infinity, "rpm": null, "ctr": null, "share": 1.0}
{"date": "2025-09-02", "channel": "11672547.0", "creative_id": null, "views": 0.0, "revenue": 4471.77, "clicks": 0.0, "ad_spend": 0.0, "mer": Infinity, "roas": Infinity, "rpm": null, "ctr": null, "share": 1.0}
{"date": "2025-09-03", "channel": "3890849.0", "creative_id": 3.644313970902249e+16, "views": 28868.0, "revenue": 3483.2, "clicks": 0.0, "ad_spend": 0.0, "mer": Infinity, "roas": Infinity, "rpm": 120.65955383123182, "ctr": 0.0, "share": 1.0}
{"date": "2025-09-03", "channel": "Other", "creative_id": 3.644313970902249e+16, "views": 28868.0, "revenue": 0.0, "clicks": 0.0, "ad_spend": 0.0, "mer": null, "roas": null, "rpm": 0.0, "ctr": 0.0, "share": null}
{"date": "2025-09-04", "channel": "0.0", "creative_id": 9.03621092237748e+16, "views": 111683.0, "revenue": 2556.64, "clicks": 0.0, "ad_spend": 0.0, "mer": Infinity, "roas": Infinity, "rpm": 22.891935209476824, "ctr": 0.0, "share": 1.0}
{"date": "2025-09-04", "channel": "Other", "creative_id": 9.03621092237748e+16, "views": 111683.0, "revenue": 0.0, "clicks": 0.0, "ad_spend": 0.0, "mer": null, "roas": null, "rpm": 0.0, "ctr": 0.0, "share": null}
{"date": "2025-09-05", "channel": "19454245.0", "creative_id": 3.585312356124417e+16, "views": 32583.0, "revenue": 3285.4, "clicks": 0.0, "ad_spend": 0.0, "mer": Infinity, "roas": Infinity, "rpm": 100.83172206365282, "ctr": 0.0, "share": 1.0}
{"date": "2025-09-05", "channel": "Other", "creative_id": 3.585312356124417e+16, "views": 32583.0, "revenue": 0.0, "clicks": 0.0, "ad_spend": 0.0, "mer": null, "roas": null, "rpm": 0.0, "ctr": 0.0, "share": null}
{"date": "2025-09-06", "channel": "19454245.0", "creative_id": 9.126383111573174e+16, "views": 317640.0, "revenue": 4371.22, "clicks": 0.0, "ad_spend": 0.0, "mer": Infinity, "roas": Infinity, "rpm": 13.76155396045838, "ctr": 0.0, "share": 1.0}
{"date": "2025-09-06", "channel": "Other", "creative_id": 9.126383111573174e+16, "views": 317640.0, "revenue": 0.0, "clicks": 0.0, "ad_spend": 0.0, "mer": null, "roas": null, "rpm": 0.0, "ctr": 0.0, "share": null}
{"date": "2025-09-07", "channel": "Other", "creative_id": 7.229951574620933e+16, "views": 181201.0, "revenue": 0.0, "clicks": 0.0, "ad_spend": 0.0, "mer": null, "roas": null, "rpm": 0.0, "ctr": 0.0, "share": null}
{"date": "2025-09-07", "channel": "19454245.0", "creative_id": 7.229951574620933e+16, "views": 181201.0, "revenue": 4243.04, "clicks": 0.0, "ad_spend": 0.0, "mer": Infinity, "roas": Infinity, "rpm": 23.416206312327194, "ctr": 0.0, "share": 1.0}
{"date": "2025-09-08", "channel": "0.0", "creative_id": 7.187023873095272e+16, "views": 138680.0, "revenue": 2986.74, "clicks": 0.0, "ad_spend": 0.0, "mer": Infinity, "roas": Infinity, "rpm": 21.53691952696856, "ctr": 0.0, "share": 1.0}
{"date": "2025-09-08", "channel": "Other", "creative_id": 7.187023873095272e+16, "views": 138680.0, "revenue": 0.0, "clicks": 0.0, "ad_spend": 0.0, "mer": null, "roas": null, "rpm": 0.0, "ctr": 0.0, "share": null}
{"date": "2025-09-09", "channel": "0.0", "creative_id": 1.267182736915397e+17, "views": 114218.0, "revenue": 4160.0, "clicks": 0.0, "ad_spend": 0.0, "mer": Infinity, "roas": Infinity, "rpm": 36.421579786023216, "ctr": 0.0, "share": 1.0}
{"date": "2025-09-09", "channel": "Other", "creative_id": 1.267182736915397e+17, "views": 114218.0, "revenue": 0.0, "clicks": 0.0, "ad_spend": 0.0, "mer": null, "roas": null, "rpm": 0.0, "ctr": 0.0, "share": null}
{"date": "2025-09-10", "channel": "0.0", "creative_id": 1.631298483427128e+17, "views": 190679.0, "revenue": 2297.35, "clicks": 0.0, "ad_spend": 0.0, "mer": Infinity, "roas": Infinity, "rpm": 12.048259116106125, "ctr": 0.0, "share": 1.0}
{"date": "2025-09-10", "channel": "Other", "creative_id": 1.631298483427128e+17, "views": 190679.0, "revenue": 0.0, "clicks": 0.0, "ad_spend": 0.0, "mer": null, "roas": null, "rpm": 0.0, "ctr": 0.0, "share": null}
{"date": "2025-09-11", "channel": "15563396.0", "creative_id": 9.096904671591997e+16, "views": 109751.0, "revenue": 4245.6, "clicks": 0.0, "ad_spend": 0.0, "mer": Infinity, "roas": Infinity, "rpm": 38.683929986970504, "ctr": 0.0, "share": 1.0}
{"date": "2025-09-11", "channel": "Other", "creative_id": 9.096904671591995e+16, "views": 109751.0, "revenue": 0.0, "clicks": 0.0, "ad_spend": 0.0, "mer": null, "roas": null, "rpm": 0.0, "ctr": 0.0, "share": null}
{"date": "2025-09-12", "channel": "Other", "creative_id": 5.444179691712925e+16, "views": 47361.0, "revenue": 0.0, "clicks": 0.0, "ad_spend": 0.0, "mer": null, "roas": null, "rpm": 0.0, "ctr": 0.0, "share": null}
{"date": "2025-09-12", "channel": "19454245.0", "creative_id": 5.444179691712925e+16, "views": 47361.0, "revenue": 2205.07, "clicks": 0.0, "ad_spend": 0.0, "mer": Infinity, "roas": Infinity, "rpm": 46.55877198538882, "ctr": 0.0, "share": 1.0}
{"date": "2025-09-13", "channel": "27235943.0", "creative_id": null, "views": 0.0, "revenue": 3559.42, "clicks": 0.0, "ad_spend": 0.0, "mer": Infinity, "roas": Infinity, "rpm": null, "ctr": null, "share": 1.0}
{"date": "2025-09-14", "channel": "7781698.0", "creative_id": 3.5849631411291296e+16, "views": 56741.0, "revenue": 4190.15, "clicks": 0.0, "ad_spend": 0.0, "mer": Infinity, "roas": Infinity, "rpm": 73.84695370190866, "ctr": 0.0, "share": 1.0}
{"date": "2025-09-14", "channel": "Other", "creative_id": 3.5849631411291296e+16, "views": 56741.0, "revenue": 0.0, "clicks": 0.0, "ad_spend": 0.0, "mer": null, "roas": null, "rpm": 0.0, "ctr": 0.0, "share": null}
{"date": "2025-09-15", "channel": "7781698.0", "creative_id": 5.435395542684466e+16, "views": 62778.0, "revenue": 3229.56, "clicks": 0.0, "ad_spend": 0.0, "mer": Infinity, "roas": Infinity, "rpm": 51.44413648093281, "ctr": 0.0, "share": 1.0}
{"date": "2025-09-15", "channel": "Other", "creative_id": 5.4353955426844664e+16, "views": 62778.0, "revenue": 0.0, "clicks": 0.0, "ad_spend": 0.0, "mer": null, "roas": null, "rpm": 0.0, "ctr": 0.0, "share": null}
{"date": "2025-09-16", "channel": "7781698.0", "creative_id": 1.810054022272187e+16, "views": 13513.0, "revenue": 2337.17, "clicks": 0.0, "ad_spend": 0.0, "mer": Infinity, "roas": Infinity, "rpm": 172.95715237179013, "ctr": 0.0, "share": 1.0}
{"date": "2025-09-16", "channel": "Other", "creative_id": 1.810054022272187e+16, "views": 13513.0, "revenue": 0.0, "clicks": 0.0, "ad_spend": 0.0, "mer": null, "roas": null, "rpm": 0.0, "ctr": 0.0, "share": null}
{"date": "2025-09-17", "channel": "7781698.0", "creative_id": null, "views": 0.0, "revenue": 3647.52, "clicks": 0.0, "ad_spend": 0.0, "mer": Infinity, "roas": Infinity, "rpm": null, "ctr": null, "share": 1.0}
{"date": "2025-09-18", "channel": "Other", "creative_id": 1.7874940008421428e+16, "views": 22176.0, "revenue": 0.0, "clicks": 0.0, "ad_spend": 0.0, "mer": null, "roas": null, "rpm": 0.0, "ctr": 0.0, "share": null}
{"date": "2025-09-18", "channel": "15563396.0", "creative_id": 1.7874940008421428e+16, "views": 22176.0, "revenue": 2447.08, "clicks": 0.0, "ad_spend": 0.0, "mer": Infinity, "roas": Infinity, "rpm": 110.3481240981241, "ctr": 0.0, "share": 1.0}
{"date": "2025-09-19", "channel": "3890849.0", "creative_id": 1.808742963187342e+16, "views": 22326.0, "revenue": 2073.02, "clicks": 0.0, "ad_spend": 0.0, "mer": Infinity, "roas": Infinity, "rpm": 92.85227985308609, "ctr": 0.0, "share": 1.0}
{"date": "2025-09-19", "channel": "Other", "creative_id": 1.808742963187342e+16, "views": 22326.0, "revenue": 0.0, "clicks": 0.0, "ad_spend": 0.0, "mer": null, "roas": null, "rpm": 0.0, "ctr": 0.0, "share": null}
{"date": "2025-09-20", "channel": "15563396.0", "creative_id": null, "views": 0.0, "revenue": 3355.86, "clicks": 0.0, "ad_spend": 0.0, "mer": Infinity, "roas": Infinity, "rpm": null, "ctr": null, "share": 1.0}
{"date": "2025-09-21", "channel": "15563396.0", "creative_id": 7.210439043345259e+16, "views": 60389.0, "revenue": 3934.27, "clicks": 0.0, "ad_spend": 0.0, "mer": Infinity, "roas": Infinity, "rpm": 65.14878537481992, "ctr": 0.0, "share": 1.0}
{"date": "2025-09-21", "channel": "Other", "creative_id": 7.210439043345259e+16, "views": 60389.0, "revenue": 0.0, "clicks": 0.0, "ad_spend": 0.0, "mer": null, "roas": null, "rpm": 0.0, "ctr": 0.0, "share": null}
{"date": "2025-09-22", "channel": "0.0", "creative_id": 1.44952998149605e+17, "views": 113364.0, "revenue": 3563.43, "clicks": 0.0, "ad_spend": 0.0, "mer": Infinity, "roas": Infinity, "rpm": 31.433523870011644, "ctr": 0.0, "share": 1.0}
{"date": "2025-09-22", "channel": "Other", "creative_id": 1.44952998149605e+17, "views": 113364.0, "revenue": 0.0, "clicks": 0.0, "ad_spend": 0.0, "mer": null, "roas": null, "rpm": 0.0, "ctr": 0.0, "share": null}
{"date": "2025-09-23", "channel": "Other", "creative_id": 3.631505493275889e+16, "views": 28296.0, "revenue": 0.0, "clicks": 0.0, "ad_spend": 0.0, "mer": null, "roas": null, "rpm": 0.0, "ctr": 0.0, "share": null}
{"date": "2025-09-23", "channel": "Nan", "creative_id": 3.631505493275889e+16, "views": 28296.0, "revenue": 2651.27, "clicks": 0.0, "ad_spend": 0.0, "mer": Infinity, "roas": Infinity, "rpm": 93.69769578739044, "ctr": 0.0, "share": 1.0}
{"date": "2025-09-24", "channel": "Nan", "creative_id": null, "views": 0.0, "revenue": 1519.09, "clicks": 0.0, "ad_spend": 0.0, "mer": Infinity, "roas": Infinity, "rpm": null, "ctr": null, "share": 1.0}
